HDR;EUR/USD;12.05.2014 08:32:49;12.05.2014 09:51:57;t1;0;0.000100
DAT;12.05.2014 08:33:00;1.376980;1.376980;1.376980;1.376980;1.377220;1.377220;1.377220;1.377220;
DAT;12.05.2014 08:33:00;1.376980;1.376980;1.376980;1.376980;1.377200;1.377200;1.377200;1.377200;
DAT;12.05.2014 08:33:00;1.376970;1.376970;1.376970;1.376970;1.377200;1.377200;1.377200;1.377200;
DAT;12.05.2014 08:33:00;1.376970;1.376970;1.376970;1.376970;1.377180;1.377180;1.377180;1.377180;
DAT;12.05.2014 08:33:01;1.376970;1.376970;1.376970;1.376970;1.377160;1.377160;1.377160;1.377160;
DAT;12.05.2014 08:33:01;1.376940;1.376940;1.376940;1.376940;1.377160;1.377160;1.377160;1.377160;
DAT;12.05.2014 08:33:01;1.376940;1.376940;1.376940;1.376940;1.377140;1.377140;1.377140;1.377140;
DAT;12.05.2014 08:33:01;1.376940;1.376940;1.376940;1.376940;1.377160;1.377160;1.377160;1.377160;
DAT;12.05.2014 08:33:01;1.376930;1.376930;1.376930;1.376930;1.377160;1.377160;1.377160;1.377160;
DAT;12.05.2014 08:33:01;1.376920;1.376920;1.376920;1.376920;1.377160;1.377160;1.377160;1.377160;
DAT;12.05.2014 08:33:02;1.376930;1.376930;1.376930;1.376930;1.377160;1.377160;1.377160;1.377160;
DAT;12.05.2014 08:33:02;1.376920;1.376920;1.376920;1.376920;1.377160;1.377160;1.377160;1.377160;
DAT;12.05.2014 08:33:02;1.376930;1.376930;1.376930;1.376930;1.377160;1.377160;1.377160;1.377160;
DAT;12.05.2014 08:33:03;1.376920;1.376920;1.376920;1.376920;1.377160;1.377160;1.377160;1.377160;
DAT;12.05.2014 08:33:09;1.376930;1.376930;1.376930;1.376930;1.377160;1.377160;1.377160;1.377160;
DAT;12.05.2014 08:33:09;1.376920;1.376920;1.376920;1.376920;1.377160;1.377160;1.377160;1.377160;
DAT;12.05.2014 08:33:09;1.376930;1.376930;1.376930;1.376930;1.377160;1.377160;1.377160;1.377160;
DAT;12.05.2014 08:33:09;1.376940;1.376940;1.376940;1.376940;1.377160;1.377160;1.377160;1.377160;
DAT;12.05.2014 08:33:09;1.376930;1.376930;1.376930;1.376930;1.377160;1.377160;1.377160;1.377160;
DAT;12.05.2014 08:33:16;1.376920;1.376920;1.376920;1.376920;1.377160;1.377160;1.377160;1.377160;
DAT;12.05.2014 08:33:17;1.376930;1.376930;1.376930;1.376930;1.377160;1.377160;1.377160;1.377160;
DAT;12.05.2014 08:33:17;1.376970;1.376970;1.376970;1.376970;1.377160;1.377160;1.377160;1.377160;
DAT;12.05.2014 08:33:17;1.376970;1.376970;1.376970;1.376970;1.377170;1.377170;1.377170;1.377170;
DAT;12.05.2014 08:33:17;1.376970;1.376970;1.376970;1.376970;1.377180;1.377180;1.377180;1.377180;
DAT;12.05.2014 08:33:17;1.376960;1.376960;1.376960;1.376960;1.377180;1.377180;1.377180;1.377180;
DAT;12.05.2014 08:33:18;1.376950;1.376950;1.376950;1.376950;1.377180;1.377180;1.377180;1.377180;
DAT;12.05.2014 08:33:18;1.376950;1.376950;1.376950;1.376950;1.377160;1.377160;1.377160;1.377160;
DAT;12.05.2014 08:33:18;1.376940;1.376940;1.376940;1.376940;1.377160;1.377160;1.377160;1.377160;
DAT;12.05.2014 08:33:18;1.376930;1.376930;1.376930;1.376930;1.377160;1.377160;1.377160;1.377160;
DAT;12.05.2014 08:33:30;1.376920;1.376920;1.376920;1.376920;1.377160;1.377160;1.377160;1.377160;
DAT;12.05.2014 08:33:30;1.376930;1.376930;1.376930;1.376930;1.377160;1.377160;1.377160;1.377160;
DAT;12.05.2014 08:33:33;1.376930;1.376930;1.376930;1.376930;1.377170;1.377170;1.377170;1.377170;
DAT;12.05.2014 08:33:34;1.376920;1.376920;1.376920;1.376920;1.377170;1.377170;1.377170;1.377170;
DAT;12.05.2014 08:33:38;1.376920;1.376920;1.376920;1.376920;1.377160;1.377160;1.377160;1.377160;
DAT;12.05.2014 08:33:38;1.376910;1.376910;1.376910;1.376910;1.377160;1.377160;1.377160;1.377160;
DAT;12.05.2014 08:33:39;1.376910;1.376910;1.376910;1.376910;1.377150;1.377150;1.377150;1.377150;
DAT;12.05.2014 08:33:39;1.376900;1.376900;1.376900;1.376900;1.377150;1.377150;1.377150;1.377150;
DAT;12.05.2014 08:33:40;1.376910;1.376910;1.376910;1.376910;1.377150;1.377150;1.377150;1.377150;
DAT;12.05.2014 08:33:41;1.376910;1.376910;1.376910;1.376910;1.377140;1.377140;1.377140;1.377140;
DAT;12.05.2014 08:33:41;1.376890;1.376890;1.376890;1.376890;1.377140;1.377140;1.377140;1.377140;
DAT;12.05.2014 08:33:41;1.376890;1.376890;1.376890;1.376890;1.377130;1.377130;1.377130;1.377130;
DAT;12.05.2014 08:33:41;1.376880;1.376880;1.376880;1.376880;1.377130;1.377130;1.377130;1.377130;
DAT;12.05.2014 08:33:41;1.376880;1.376880;1.376880;1.376880;1.377120;1.377120;1.377120;1.377120;
DAT;12.05.2014 08:33:41;1.376890;1.376890;1.376890;1.376890;1.377120;1.377120;1.377120;1.377120;
DAT;12.05.2014 08:33:42;1.376890;1.376890;1.376890;1.376890;1.377130;1.377130;1.377130;1.377130;
DAT;12.05.2014 08:33:42;1.376880;1.376880;1.376880;1.376880;1.377130;1.377130;1.377130;1.377130;
DAT;12.05.2014 08:33:42;1.376870;1.376870;1.376870;1.376870;1.377130;1.377130;1.377130;1.377130;
DAT;12.05.2014 08:33:42;1.376880;1.376880;1.376880;1.376880;1.377130;1.377130;1.377130;1.377130;
DAT;12.05.2014 08:33:42;1.376890;1.376890;1.376890;1.376890;1.377130;1.377130;1.377130;1.377130;
DAT;12.05.2014 08:33:42;1.376880;1.376880;1.376880;1.376880;1.377130;1.377130;1.377130;1.377130;
DAT;12.05.2014 08:33:42;1.376880;1.376880;1.376880;1.376880;1.377120;1.377120;1.377120;1.377120;
DAT;12.05.2014 08:33:42;1.376870;1.376870;1.376870;1.376870;1.377120;1.377120;1.377120;1.377120;
DAT;12.05.2014 08:33:42;1.376870;1.376870;1.376870;1.376870;1.377110;1.377110;1.377110;1.377110;
DAT;12.05.2014 08:33:42;1.376870;1.376870;1.376870;1.376870;1.377120;1.377120;1.377120;1.377120;
DAT;12.05.2014 08:33:42;1.376870;1.376870;1.376870;1.376870;1.377110;1.377110;1.377110;1.377110;
DAT;12.05.2014 08:33:42;1.376870;1.376870;1.376870;1.376870;1.377120;1.377120;1.377120;1.377120;
DAT;12.05.2014 08:33:42;1.376870;1.376870;1.376870;1.376870;1.377110;1.377110;1.377110;1.377110;
DAT;12.05.2014 08:33:42;1.376870;1.376870;1.376870;1.376870;1.377120;1.377120;1.377120;1.377120;
DAT;12.05.2014 08:33:43;1.376880;1.376880;1.376880;1.376880;1.377120;1.377120;1.377120;1.377120;
DAT;12.05.2014 08:33:43;1.376890;1.376890;1.376890;1.376890;1.377120;1.377120;1.377120;1.377120;
DAT;12.05.2014 08:33:43;1.376870;1.376870;1.376870;1.376870;1.377120;1.377120;1.377120;1.377120;
DAT;12.05.2014 08:33:44;1.376890;1.376890;1.376890;1.376890;1.377120;1.377120;1.377120;1.377120;
DAT;12.05.2014 08:33:44;1.376890;1.376890;1.376890;1.376890;1.377130;1.377130;1.377130;1.377130;
DAT;12.05.2014 08:33:44;1.376870;1.376870;1.376870;1.376870;1.377130;1.377130;1.377130;1.377130;
DAT;12.05.2014 08:33:44;1.376880;1.376880;1.376880;1.376880;1.377130;1.377130;1.377130;1.377130;
DAT;12.05.2014 08:33:45;1.376880;1.376880;1.376880;1.376880;1.377120;1.377120;1.377120;1.377120;
DAT;12.05.2014 08:33:45;1.376870;1.376870;1.376870;1.376870;1.377120;1.377120;1.377120;1.377120;
DAT;12.05.2014 08:33:45;1.376880;1.376880;1.376880;1.376880;1.377120;1.377120;1.377120;1.377120;
DAT;12.05.2014 08:33:45;1.376880;1.376880;1.376880;1.376880;1.377130;1.377130;1.377130;1.377130;
DAT;12.05.2014 08:33:45;1.376890;1.376890;1.376890;1.376890;1.377130;1.377130;1.377130;1.377130;
DAT;12.05.2014 08:33:46;1.376890;1.376890;1.376890;1.376890;1.377140;1.377140;1.377140;1.377140;
DAT;12.05.2014 08:33:46;1.376900;1.376900;1.376900;1.376900;1.377140;1.377140;1.377140;1.377140;
DAT;12.05.2014 08:33:47;1.376890;1.376890;1.376890;1.376890;1.377140;1.377140;1.377140;1.377140;
DAT;12.05.2014 08:33:50;1.376900;1.376900;1.376900;1.376900;1.377140;1.377140;1.377140;1.377140;
DAT;12.05.2014 08:33:52;1.376890;1.376890;1.376890;1.376890;1.377140;1.377140;1.377140;1.377140;
DAT;12.05.2014 08:33:52;1.376900;1.376900;1.376900;1.376900;1.377140;1.377140;1.377140;1.377140;
DAT;12.05.2014 08:33:53;1.376890;1.376890;1.376890;1.376890;1.377140;1.377140;1.377140;1.377140;
DAT;12.05.2014 08:33:53;1.376900;1.376900;1.376900;1.376900;1.377140;1.377140;1.377140;1.377140;
DAT;12.05.2014 08:33:53;1.376890;1.376890;1.376890;1.376890;1.377140;1.377140;1.377140;1.377140;
DAT;12.05.2014 08:33:53;1.376900;1.376900;1.376900;1.376900;1.377140;1.377140;1.377140;1.377140;
DAT;12.05.2014 08:33:56;1.376890;1.376890;1.376890;1.376890;1.377140;1.377140;1.377140;1.377140;
DAT;12.05.2014 08:33:58;1.376890;1.376890;1.376890;1.376890;1.377130;1.377130;1.377130;1.377130;
DAT;12.05.2014 08:33:58;1.376890;1.376890;1.376890;1.376890;1.377140;1.377140;1.377140;1.377140;
DAT;12.05.2014 08:34:00;1.376890;1.376890;1.376890;1.376890;1.377130;1.377130;1.377130;1.377130;
DAT;12.05.2014 08:34:05;1.376890;1.376890;1.376890;1.376890;1.377120;1.377120;1.377120;1.377120;
DAT;12.05.2014 08:34:06;1.376890;1.376890;1.376890;1.376890;1.377130;1.377130;1.377130;1.377130;
DAT;12.05.2014 08:34:06;1.376900;1.376900;1.376900;1.376900;1.377130;1.377130;1.377130;1.377130;
DAT;12.05.2014 08:34:06;1.376900;1.376900;1.376900;1.376900;1.377150;1.377150;1.377150;1.377150;
DAT;12.05.2014 08:34:08;1.376890;1.376890;1.376890;1.376890;1.377150;1.377150;1.377150;1.377150;
DAT;12.05.2014 08:34:09;1.376890;1.376890;1.376890;1.376890;1.377140;1.377140;1.377140;1.377140;
DAT;12.05.2014 08:34:11;1.376900;1.376900;1.376900;1.376900;1.377150;1.377150;1.377150;1.377150;
DAT;12.05.2014 08:34:14;1.376910;1.376910;1.376910;1.376910;1.377160;1.377160;1.377160;1.377160;
DAT;12.05.2014 08:34:16;1.376930;1.376930;1.376930;1.376930;1.377170;1.377170;1.377170;1.377170;
DAT;12.05.2014 08:34:16;1.376930;1.376930;1.376930;1.376930;1.377180;1.377180;1.377180;1.377180;
DAT;12.05.2014 08:34:16;1.376930;1.376930;1.376930;1.376930;1.377160;1.377160;1.377160;1.377160;
DAT;12.05.2014 08:34:16;1.376930;1.376930;1.376930;1.376930;1.377180;1.377180;1.377180;1.377180;
DAT;12.05.2014 08:34:16;1.376930;1.376930;1.376930;1.376930;1.377170;1.377170;1.377170;1.377170;
DAT;12.05.2014 08:34:16;1.376920;1.376920;1.376920;1.376920;1.377170;1.377170;1.377170;1.377170;
DAT;12.05.2014 08:34:19;1.376920;1.376920;1.376920;1.376920;1.377160;1.377160;1.377160;1.377160;
DAT;12.05.2014 08:34:19;1.376920;1.376920;1.376920;1.376920;1.377170;1.377170;1.377170;1.377170;
DAT;12.05.2014 08:34:26;1.376920;1.376920;1.376920;1.376920;1.377160;1.377160;1.377160;1.377160;
DAT;12.05.2014 08:34:28;1.376920;1.376920;1.376920;1.376920;1.377170;1.377170;1.377170;1.377170;
DAT;12.05.2014 08:34:28;1.376930;1.376930;1.376930;1.376930;1.377170;1.377170;1.377170;1.377170;
DAT;12.05.2014 08:34:31;1.376920;1.376920;1.376920;1.376920;1.377170;1.377170;1.377170;1.377170;
DAT;12.05.2014 08:34:32;1.376920;1.376920;1.376920;1.376920;1.377160;1.377160;1.377160;1.377160;
DAT;12.05.2014 08:34:32;1.376910;1.376910;1.376910;1.376910;1.377160;1.377160;1.377160;1.377160;
DAT;12.05.2014 08:34:32;1.376910;1.376910;1.376910;1.376910;1.377150;1.377150;1.377150;1.377150;
DAT;12.05.2014 08:34:32;1.376900;1.376900;1.376900;1.376900;1.377150;1.377150;1.377150;1.377150;
DAT;12.05.2014 08:34:32;1.376900;1.376900;1.376900;1.376900;1.377140;1.377140;1.377140;1.377140;
DAT;12.05.2014 08:34:32;1.376890;1.376890;1.376890;1.376890;1.377130;1.377130;1.377130;1.377130;
DAT;12.05.2014 08:34:33;1.376910;1.376910;1.376910;1.376910;1.377130;1.377130;1.377130;1.377130;
DAT;12.05.2014 08:34:33;1.376890;1.376890;1.376890;1.376890;1.377130;1.377130;1.377130;1.377130;
DAT;12.05.2014 08:34:33;1.376910;1.376910;1.376910;1.376910;1.377130;1.377130;1.377130;1.377130;
DAT;12.05.2014 08:34:33;1.376910;1.376910;1.376910;1.376910;1.377120;1.377120;1.377120;1.377120;
DAT;12.05.2014 08:34:33;1.376900;1.376900;1.376900;1.376900;1.377120;1.377120;1.377120;1.377120;
DAT;12.05.2014 08:34:33;1.376900;1.376900;1.376900;1.376900;1.377140;1.377140;1.377140;1.377140;
DAT;12.05.2014 08:34:35;1.376890;1.376890;1.376890;1.376890;1.377140;1.377140;1.377140;1.377140;
DAT;12.05.2014 08:34:36;1.376900;1.376900;1.376900;1.376900;1.377140;1.377140;1.377140;1.377140;
DAT;12.05.2014 08:34:38;1.376890;1.376890;1.376890;1.376890;1.377140;1.377140;1.377140;1.377140;
DAT;12.05.2014 08:34:38;1.376900;1.376900;1.376900;1.376900;1.377140;1.377140;1.377140;1.377140;
DAT;12.05.2014 08:34:38;1.376890;1.376890;1.376890;1.376890;1.377140;1.377140;1.377140;1.377140;
DAT;12.05.2014 08:34:38;1.376900;1.376900;1.376900;1.376900;1.377140;1.377140;1.377140;1.377140;
DAT;12.05.2014 08:34:39;1.376890;1.376890;1.376890;1.376890;1.377140;1.377140;1.377140;1.377140;
DAT;12.05.2014 08:34:39;1.376900;1.376900;1.376900;1.376900;1.377140;1.377140;1.377140;1.377140;
DAT;12.05.2014 08:34:39;1.376890;1.376890;1.376890;1.376890;1.377140;1.377140;1.377140;1.377140;
DAT;12.05.2014 08:34:39;1.376900;1.376900;1.376900;1.376900;1.377140;1.377140;1.377140;1.377140;
DAT;12.05.2014 08:34:44;1.376930;1.376930;1.376930;1.376930;1.377140;1.377140;1.377140;1.377140;
DAT;12.05.2014 08:34:45;1.376930;1.376930;1.376930;1.376930;1.377160;1.377160;1.377160;1.377160;
DAT;12.05.2014 08:34:45;1.376960;1.376960;1.376960;1.376960;1.377160;1.377160;1.377160;1.377160;
DAT;12.05.2014 08:34:45;1.376960;1.376960;1.376960;1.376960;1.377170;1.377170;1.377170;1.377170;
DAT;12.05.2014 08:34:45;1.376960;1.376960;1.376960;1.376960;1.377180;1.377180;1.377180;1.377180;
DAT;12.05.2014 08:34:45;1.376960;1.376960;1.376960;1.376960;1.377190;1.377190;1.377190;1.377190;
DAT;12.05.2014 08:34:45;1.376960;1.376960;1.376960;1.376960;1.377200;1.377200;1.377200;1.377200;
DAT;12.05.2014 08:34:45;1.376970;1.376970;1.376970;1.376970;1.377200;1.377200;1.377200;1.377200;
DAT;12.05.2014 08:34:45;1.376980;1.376980;1.376980;1.376980;1.377200;1.377200;1.377200;1.377200;
DAT;12.05.2014 08:34:45;1.376980;1.376980;1.376980;1.376980;1.377210;1.377210;1.377210;1.377210;
DAT;12.05.2014 08:34:45;1.376990;1.376990;1.376990;1.376990;1.377210;1.377210;1.377210;1.377210;
DAT;12.05.2014 08:34:54;1.376990;1.376990;1.376990;1.376990;1.377230;1.377230;1.377230;1.377230;
DAT;12.05.2014 08:34:54;1.377000;1.377000;1.377000;1.377000;1.377230;1.377230;1.377230;1.377230;
DAT;12.05.2014 08:34:58;1.377000;1.377000;1.377000;1.377000;1.377220;1.377220;1.377220;1.377220;
DAT;12.05.2014 08:35:00;1.376980;1.376980;1.376980;1.376980;1.377220;1.377220;1.377220;1.377220;
DAT;12.05.2014 08:35:00;1.376980;1.376980;1.376980;1.376980;1.377200;1.377200;1.377200;1.377200;
DAT;12.05.2014 08:35:00;1.376970;1.376970;1.376970;1.376970;1.377200;1.377200;1.377200;1.377200;
DAT;12.05.2014 08:35:00;1.376960;1.376960;1.376960;1.376960;1.377200;1.377200;1.377200;1.377200;
DAT;12.05.2014 08:35:00;1.376960;1.376960;1.376960;1.376960;1.377210;1.377210;1.377210;1.377210;
DAT;12.05.2014 08:35:02;1.376960;1.376960;1.376960;1.376960;1.377200;1.377200;1.377200;1.377200;
DAT;12.05.2014 08:35:06;1.376990;1.376990;1.376990;1.376990;1.377200;1.377200;1.377200;1.377200;
DAT;12.05.2014 08:35:06;1.377000;1.377000;1.377000;1.377000;1.377200;1.377200;1.377200;1.377200;
DAT;12.05.2014 08:35:06;1.377000;1.377000;1.377000;1.377000;1.377220;1.377220;1.377220;1.377220;
DAT;12.05.2014 08:35:07;1.377000;1.377000;1.377000;1.377000;1.377240;1.377240;1.377240;1.377240;
DAT;12.05.2014 08:35:07;1.376990;1.376990;1.376990;1.376990;1.377240;1.377240;1.377240;1.377240;
DAT;12.05.2014 08:35:07;1.377000;1.377000;1.377000;1.377000;1.377240;1.377240;1.377240;1.377240;
DAT;12.05.2014 08:35:08;1.377010;1.377010;1.377010;1.377010;1.377240;1.377240;1.377240;1.377240;
DAT;12.05.2014 08:35:09;1.377000;1.377000;1.377000;1.377000;1.377240;1.377240;1.377240;1.377240;
DAT;12.05.2014 08:35:09;1.376990;1.376990;1.376990;1.376990;1.377240;1.377240;1.377240;1.377240;
DAT;12.05.2014 08:35:09;1.376990;1.376990;1.376990;1.376990;1.377230;1.377230;1.377230;1.377230;
DAT;12.05.2014 08:35:10;1.376980;1.376980;1.376980;1.376980;1.377230;1.377230;1.377230;1.377230;
DAT;12.05.2014 08:35:12;1.376990;1.376990;1.376990;1.376990;1.377230;1.377230;1.377230;1.377230;
DAT;12.05.2014 08:35:13;1.377010;1.377010;1.377010;1.377010;1.377230;1.377230;1.377230;1.377230;
DAT;12.05.2014 08:35:13;1.377010;1.377010;1.377010;1.377010;1.377250;1.377250;1.377250;1.377250;
DAT;12.05.2014 08:35:22;1.377010;1.377010;1.377010;1.377010;1.377240;1.377240;1.377240;1.377240;
DAT;12.05.2014 08:35:22;1.376990;1.376990;1.376990;1.376990;1.377240;1.377240;1.377240;1.377240;
DAT;12.05.2014 08:35:22;1.376990;1.376990;1.376990;1.376990;1.377250;1.377250;1.377250;1.377250;
DAT;12.05.2014 08:35:22;1.377000;1.377000;1.377000;1.377000;1.377250;1.377250;1.377250;1.377250;
DAT;12.05.2014 08:35:34;1.377000;1.377000;1.377000;1.377000;1.377260;1.377260;1.377260;1.377260;
DAT;12.05.2014 08:35:36;1.377000;1.377000;1.377000;1.377000;1.377230;1.377230;1.377230;1.377230;
DAT;12.05.2014 08:35:37;1.377000;1.377000;1.377000;1.377000;1.377240;1.377240;1.377240;1.377240;
DAT;12.05.2014 08:35:44;1.377000;1.377000;1.377000;1.377000;1.377230;1.377230;1.377230;1.377230;
DAT;12.05.2014 08:35:44;1.377000;1.377000;1.377000;1.377000;1.377220;1.377220;1.377220;1.377220;
DAT;12.05.2014 08:35:44;1.376990;1.376990;1.376990;1.376990;1.377220;1.377220;1.377220;1.377220;
DAT;12.05.2014 08:35:44;1.376980;1.376980;1.376980;1.376980;1.377220;1.377220;1.377220;1.377220;
DAT;12.05.2014 08:35:44;1.376990;1.376990;1.376990;1.376990;1.377220;1.377220;1.377220;1.377220;
DAT;12.05.2014 08:35:44;1.377000;1.377000;1.377000;1.377000;1.377220;1.377220;1.377220;1.377220;
DAT;12.05.2014 08:35:45;1.377000;1.377000;1.377000;1.377000;1.377230;1.377230;1.377230;1.377230;
DAT;12.05.2014 08:35:46;1.376990;1.376990;1.376990;1.376990;1.377230;1.377230;1.377230;1.377230;
DAT;12.05.2014 08:35:46;1.377000;1.377000;1.377000;1.377000;1.377230;1.377230;1.377230;1.377230;
DAT;12.05.2014 08:35:46;1.376990;1.376990;1.376990;1.376990;1.377230;1.377230;1.377230;1.377230;
DAT;12.05.2014 08:35:46;1.377000;1.377000;1.377000;1.377000;1.377230;1.377230;1.377230;1.377230;
DAT;12.05.2014 08:35:46;1.376990;1.376990;1.376990;1.376990;1.377230;1.377230;1.377230;1.377230;
DAT;12.05.2014 08:35:46;1.377000;1.377000;1.377000;1.377000;1.377230;1.377230;1.377230;1.377230;
DAT;12.05.2014 08:35:46;1.376990;1.376990;1.376990;1.376990;1.377230;1.377230;1.377230;1.377230;
DAT;12.05.2014 08:35:48;1.377000;1.377000;1.377000;1.377000;1.377230;1.377230;1.377230;1.377230;
DAT;12.05.2014 08:35:48;1.377000;1.377000;1.377000;1.377000;1.377240;1.377240;1.377240;1.377240;
DAT;12.05.2014 08:35:55;1.377020;1.377020;1.377020;1.377020;1.377240;1.377240;1.377240;1.377240;
DAT;12.05.2014 08:35:55;1.377040;1.377040;1.377040;1.377040;1.377240;1.377240;1.377240;1.377240;
DAT;12.05.2014 08:35:55;1.377040;1.377040;1.377040;1.377040;1.377250;1.377250;1.377250;1.377250;
DAT;12.05.2014 08:35:55;1.377040;1.377040;1.377040;1.377040;1.377280;1.377280;1.377280;1.377280;
DAT;12.05.2014 08:35:55;1.377050;1.377050;1.377050;1.377050;1.377280;1.377280;1.377280;1.377280;
DAT;12.05.2014 08:35:55;1.377070;1.377070;1.377070;1.377070;1.377280;1.377280;1.377280;1.377280;
DAT;12.05.2014 08:35:56;1.377050;1.377050;1.377050;1.377050;1.377280;1.377280;1.377280;1.377280;
DAT;12.05.2014 08:35:56;1.377070;1.377070;1.377070;1.377070;1.377280;1.377280;1.377280;1.377280;
DAT;12.05.2014 08:35:56;1.377050;1.377050;1.377050;1.377050;1.377280;1.377280;1.377280;1.377280;
DAT;12.05.2014 08:35:56;1.377070;1.377070;1.377070;1.377070;1.377280;1.377280;1.377280;1.377280;
DAT;12.05.2014 08:35:56;1.377050;1.377050;1.377050;1.377050;1.377280;1.377280;1.377280;1.377280;
DAT;12.05.2014 08:35:56;1.377060;1.377060;1.377060;1.377060;1.377280;1.377280;1.377280;1.377280;
DAT;12.05.2014 08:35:56;1.377060;1.377060;1.377060;1.377060;1.377300;1.377300;1.377300;1.377300;
DAT;12.05.2014 08:35:56;1.377070;1.377070;1.377070;1.377070;1.377300;1.377300;1.377300;1.377300;
DAT;12.05.2014 08:35:56;1.377060;1.377060;1.377060;1.377060;1.377300;1.377300;1.377300;1.377300;
DAT;12.05.2014 08:35:56;1.377060;1.377060;1.377060;1.377060;1.377320;1.377320;1.377320;1.377320;
DAT;12.05.2014 08:35:56;1.377080;1.377080;1.377080;1.377080;1.377320;1.377320;1.377320;1.377320;
DAT;12.05.2014 08:35:56;1.377080;1.377080;1.377080;1.377080;1.377300;1.377300;1.377300;1.377300;
DAT;12.05.2014 08:35:56;1.377060;1.377060;1.377060;1.377060;1.377300;1.377300;1.377300;1.377300;
DAT;12.05.2014 08:35:56;1.377070;1.377070;1.377070;1.377070;1.377300;1.377300;1.377300;1.377300;
DAT;12.05.2014 08:35:56;1.377070;1.377070;1.377070;1.377070;1.377320;1.377320;1.377320;1.377320;
DAT;12.05.2014 08:35:56;1.377080;1.377080;1.377080;1.377080;1.377320;1.377320;1.377320;1.377320;
DAT;12.05.2014 08:35:56;1.377080;1.377080;1.377080;1.377080;1.377300;1.377300;1.377300;1.377300;
DAT;12.05.2014 08:35:56;1.377060;1.377060;1.377060;1.377060;1.377300;1.377300;1.377300;1.377300;
DAT;12.05.2014 08:35:56;1.377070;1.377070;1.377070;1.377070;1.377300;1.377300;1.377300;1.377300;
DAT;12.05.2014 08:35:56;1.377060;1.377060;1.377060;1.377060;1.377300;1.377300;1.377300;1.377300;
DAT;12.05.2014 08:35:56;1.377050;1.377050;1.377050;1.377050;1.377300;1.377300;1.377300;1.377300;
DAT;12.05.2014 08:35:56;1.377060;1.377060;1.377060;1.377060;1.377300;1.377300;1.377300;1.377300;
DAT;12.05.2014 08:35:57;1.377070;1.377070;1.377070;1.377070;1.377300;1.377300;1.377300;1.377300;
DAT;12.05.2014 08:35:57;1.377060;1.377060;1.377060;1.377060;1.377300;1.377300;1.377300;1.377300;
DAT;12.05.2014 08:35:57;1.377070;1.377070;1.377070;1.377070;1.377300;1.377300;1.377300;1.377300;
DAT;12.05.2014 08:35:58;1.377060;1.377060;1.377060;1.377060;1.377300;1.377300;1.377300;1.377300;
DAT;12.05.2014 08:35:58;1.377070;1.377070;1.377070;1.377070;1.377300;1.377300;1.377300;1.377300;
DAT;12.05.2014 08:35:58;1.377070;1.377070;1.377070;1.377070;1.377320;1.377320;1.377320;1.377320;
DAT;12.05.2014 08:35:59;1.377060;1.377060;1.377060;1.377060;1.377320;1.377320;1.377320;1.377320;
DAT;12.05.2014 08:35:59;1.377060;1.377060;1.377060;1.377060;1.377310;1.377310;1.377310;1.377310;
DAT;12.05.2014 08:35:59;1.377070;1.377070;1.377070;1.377070;1.377310;1.377310;1.377310;1.377310;
DAT;12.05.2014 08:35:59;1.377060;1.377060;1.377060;1.377060;1.377310;1.377310;1.377310;1.377310;
DAT;12.05.2014 08:35:59;1.377060;1.377060;1.377060;1.377060;1.377300;1.377300;1.377300;1.377300;
DAT;12.05.2014 08:36:02;1.377050;1.377050;1.377050;1.377050;1.377290;1.377290;1.377290;1.377290;
DAT;12.05.2014 08:36:02;1.377050;1.377050;1.377050;1.377050;1.377280;1.377280;1.377280;1.377280;
DAT;12.05.2014 08:36:02;1.377050;1.377050;1.377050;1.377050;1.377260;1.377260;1.377260;1.377260;
DAT;12.05.2014 08:36:02;1.377030;1.377030;1.377030;1.377030;1.377260;1.377260;1.377260;1.377260;
DAT;12.05.2014 08:36:02;1.377020;1.377020;1.377020;1.377020;1.377260;1.377260;1.377260;1.377260;
DAT;12.05.2014 08:36:02;1.377020;1.377020;1.377020;1.377020;1.377250;1.377250;1.377250;1.377250;
DAT;12.05.2014 08:36:02;1.377050;1.377050;1.377050;1.377050;1.377250;1.377250;1.377250;1.377250;
DAT;12.05.2014 08:36:03;1.377030;1.377030;1.377030;1.377030;1.377250;1.377250;1.377250;1.377250;
DAT;12.05.2014 08:36:03;1.377050;1.377050;1.377050;1.377050;1.377250;1.377250;1.377250;1.377250;
DAT;12.05.2014 08:36:03;1.377030;1.377030;1.377030;1.377030;1.377250;1.377250;1.377250;1.377250;
DAT;12.05.2014 08:36:03;1.377030;1.377030;1.377030;1.377030;1.377230;1.377230;1.377230;1.377230;
DAT;12.05.2014 08:36:03;1.377030;1.377030;1.377030;1.377030;1.377250;1.377250;1.377250;1.377250;
DAT;12.05.2014 08:36:03;1.377020;1.377020;1.377020;1.377020;1.377250;1.377250;1.377250;1.377250;
DAT;12.05.2014 08:36:03;1.377030;1.377030;1.377030;1.377030;1.377250;1.377250;1.377250;1.377250;
DAT;12.05.2014 08:36:03;1.377030;1.377030;1.377030;1.377030;1.377270;1.377270;1.377270;1.377270;
DAT;12.05.2014 08:36:03;1.377020;1.377020;1.377020;1.377020;1.377270;1.377270;1.377270;1.377270;
DAT;12.05.2014 08:36:03;1.377040;1.377040;1.377040;1.377040;1.377270;1.377270;1.377270;1.377270;
DAT;12.05.2014 08:36:03;1.377050;1.377050;1.377050;1.377050;1.377270;1.377270;1.377270;1.377270;
DAT;12.05.2014 08:36:03;1.377050;1.377050;1.377050;1.377050;1.377280;1.377280;1.377280;1.377280;
DAT;12.05.2014 08:36:03;1.377050;1.377050;1.377050;1.377050;1.377290;1.377290;1.377290;1.377290;
DAT;12.05.2014 08:36:03;1.377040;1.377040;1.377040;1.377040;1.377290;1.377290;1.377290;1.377290;
DAT;12.05.2014 08:36:03;1.377060;1.377060;1.377060;1.377060;1.377290;1.377290;1.377290;1.377290;
DAT;12.05.2014 08:36:04;1.377060;1.377060;1.377060;1.377060;1.377300;1.377300;1.377300;1.377300;
DAT;12.05.2014 08:36:04;1.377060;1.377060;1.377060;1.377060;1.377290;1.377290;1.377290;1.377290;
DAT;12.05.2014 08:36:04;1.377060;1.377060;1.377060;1.377060;1.377300;1.377300;1.377300;1.377300;
DAT;12.05.2014 08:36:04;1.377070;1.377070;1.377070;1.377070;1.377300;1.377300;1.377300;1.377300;
DAT;12.05.2014 08:36:04;1.377060;1.377060;1.377060;1.377060;1.377300;1.377300;1.377300;1.377300;
DAT;12.05.2014 08:36:04;1.377060;1.377060;1.377060;1.377060;1.377310;1.377310;1.377310;1.377310;
DAT;12.05.2014 08:36:04;1.377060;1.377060;1.377060;1.377060;1.377300;1.377300;1.377300;1.377300;
DAT;12.05.2014 08:36:07;1.377060;1.377060;1.377060;1.377060;1.377290;1.377290;1.377290;1.377290;
DAT;12.05.2014 08:36:07;1.377060;1.377060;1.377060;1.377060;1.377280;1.377280;1.377280;1.377280;
DAT;12.05.2014 08:36:07;1.377060;1.377060;1.377060;1.377060;1.377290;1.377290;1.377290;1.377290;
DAT;12.05.2014 08:36:07;1.377040;1.377040;1.377040;1.377040;1.377290;1.377290;1.377290;1.377290;
DAT;12.05.2014 08:36:07;1.377050;1.377050;1.377050;1.377050;1.377290;1.377290;1.377290;1.377290;
DAT;12.05.2014 08:36:07;1.377050;1.377050;1.377050;1.377050;1.377300;1.377300;1.377300;1.377300;
DAT;12.05.2014 08:36:07;1.377060;1.377060;1.377060;1.377060;1.377300;1.377300;1.377300;1.377300;
DAT;12.05.2014 08:36:12;1.377070;1.377070;1.377070;1.377070;1.377300;1.377300;1.377300;1.377300;
DAT;12.05.2014 08:36:12;1.377070;1.377070;1.377070;1.377070;1.377310;1.377310;1.377310;1.377310;
DAT;12.05.2014 08:36:12;1.377080;1.377080;1.377080;1.377080;1.377310;1.377310;1.377310;1.377310;
DAT;12.05.2014 08:36:12;1.377070;1.377070;1.377070;1.377070;1.377310;1.377310;1.377310;1.377310;
DAT;12.05.2014 08:36:14;1.377070;1.377070;1.377070;1.377070;1.377320;1.377320;1.377320;1.377320;
DAT;12.05.2014 08:36:14;1.377060;1.377060;1.377060;1.377060;1.377320;1.377320;1.377320;1.377320;
DAT;12.05.2014 08:36:16;1.377080;1.377080;1.377080;1.377080;1.377320;1.377320;1.377320;1.377320;
DAT;12.05.2014 08:36:24;1.377090;1.377090;1.377090;1.377090;1.377330;1.377330;1.377330;1.377330;
DAT;12.05.2014 08:36:24;1.377090;1.377090;1.377090;1.377090;1.377340;1.377340;1.377340;1.377340;
DAT;12.05.2014 08:36:24;1.377100;1.377100;1.377100;1.377100;1.377340;1.377340;1.377340;1.377340;
DAT;12.05.2014 08:36:25;1.377100;1.377100;1.377100;1.377100;1.377350;1.377350;1.377350;1.377350;
DAT;12.05.2014 08:36:26;1.377100;1.377100;1.377100;1.377100;1.377340;1.377340;1.377340;1.377340;
DAT;12.05.2014 08:36:26;1.377100;1.377100;1.377100;1.377100;1.377350;1.377350;1.377350;1.377350;
DAT;12.05.2014 08:36:27;1.377100;1.377100;1.377100;1.377100;1.377330;1.377330;1.377330;1.377330;
DAT;12.05.2014 08:36:32;1.377090;1.377090;1.377090;1.377090;1.377330;1.377330;1.377330;1.377330;
DAT;12.05.2014 08:36:32;1.377080;1.377080;1.377080;1.377080;1.377330;1.377330;1.377330;1.377330;
DAT;12.05.2014 08:36:32;1.377090;1.377090;1.377090;1.377090;1.377330;1.377330;1.377330;1.377330;
DAT;12.05.2014 08:36:32;1.377080;1.377080;1.377080;1.377080;1.377330;1.377330;1.377330;1.377330;
DAT;12.05.2014 08:36:33;1.377090;1.377090;1.377090;1.377090;1.377330;1.377330;1.377330;1.377330;
DAT;12.05.2014 08:36:33;1.377100;1.377100;1.377100;1.377100;1.377340;1.377340;1.377340;1.377340;
DAT;12.05.2014 08:36:34;1.377100;1.377100;1.377100;1.377100;1.377320;1.377320;1.377320;1.377320;
DAT;12.05.2014 08:36:35;1.377100;1.377100;1.377100;1.377100;1.377340;1.377340;1.377340;1.377340;
DAT;12.05.2014 08:36:38;1.377100;1.377100;1.377100;1.377100;1.377350;1.377350;1.377350;1.377350;
DAT;12.05.2014 08:36:38;1.377110;1.377110;1.377110;1.377110;1.377360;1.377360;1.377360;1.377360;
DAT;12.05.2014 08:36:40;1.377110;1.377110;1.377110;1.377110;1.377350;1.377350;1.377350;1.377350;
DAT;12.05.2014 08:36:40;1.377100;1.377100;1.377100;1.377100;1.377350;1.377350;1.377350;1.377350;
DAT;12.05.2014 08:36:40;1.377100;1.377100;1.377100;1.377100;1.377330;1.377330;1.377330;1.377330;
DAT;12.05.2014 08:36:40;1.377100;1.377100;1.377100;1.377100;1.377310;1.377310;1.377310;1.377310;
DAT;12.05.2014 08:36:40;1.377080;1.377080;1.377080;1.377080;1.377310;1.377310;1.377310;1.377310;
DAT;12.05.2014 08:36:40;1.377080;1.377080;1.377080;1.377080;1.377320;1.377320;1.377320;1.377320;
DAT;12.05.2014 08:36:40;1.377090;1.377090;1.377090;1.377090;1.377320;1.377320;1.377320;1.377320;
DAT;12.05.2014 08:36:40;1.377100;1.377100;1.377100;1.377100;1.377330;1.377330;1.377330;1.377330;
DAT;12.05.2014 08:36:40;1.377100;1.377100;1.377100;1.377100;1.377340;1.377340;1.377340;1.377340;
DAT;12.05.2014 08:36:40;1.377100;1.377100;1.377100;1.377100;1.377350;1.377350;1.377350;1.377350;
DAT;12.05.2014 08:36:41;1.377110;1.377110;1.377110;1.377110;1.377350;1.377350;1.377350;1.377350;
DAT;12.05.2014 08:36:41;1.377120;1.377120;1.377120;1.377120;1.377350;1.377350;1.377350;1.377350;
DAT;12.05.2014 08:36:47;1.377100;1.377100;1.377100;1.377100;1.377350;1.377350;1.377350;1.377350;
DAT;12.05.2014 08:36:50;1.377100;1.377100;1.377100;1.377100;1.377340;1.377340;1.377340;1.377340;
DAT;12.05.2014 08:36:50;1.377100;1.377100;1.377100;1.377100;1.377320;1.377320;1.377320;1.377320;
DAT;12.05.2014 08:36:50;1.377100;1.377100;1.377100;1.377100;1.377310;1.377310;1.377310;1.377310;
DAT;12.05.2014 08:36:50;1.377090;1.377090;1.377090;1.377090;1.377310;1.377310;1.377310;1.377310;
DAT;12.05.2014 08:36:50;1.377090;1.377090;1.377090;1.377090;1.377320;1.377320;1.377320;1.377320;
DAT;12.05.2014 08:36:50;1.377090;1.377090;1.377090;1.377090;1.377300;1.377300;1.377300;1.377300;
DAT;12.05.2014 08:36:50;1.377080;1.377080;1.377080;1.377080;1.377300;1.377300;1.377300;1.377300;
DAT;12.05.2014 08:36:50;1.377080;1.377080;1.377080;1.377080;1.377320;1.377320;1.377320;1.377320;
DAT;12.05.2014 08:36:50;1.377080;1.377080;1.377080;1.377080;1.377330;1.377330;1.377330;1.377330;
DAT;12.05.2014 08:36:50;1.377090;1.377090;1.377090;1.377090;1.377330;1.377330;1.377330;1.377330;
DAT;12.05.2014 08:36:50;1.377090;1.377090;1.377090;1.377090;1.377320;1.377320;1.377320;1.377320;
DAT;12.05.2014 08:36:50;1.377090;1.377090;1.377090;1.377090;1.377300;1.377300;1.377300;1.377300;
DAT;12.05.2014 08:36:50;1.377070;1.377070;1.377070;1.377070;1.377300;1.377300;1.377300;1.377300;
DAT;12.05.2014 08:36:51;1.377070;1.377070;1.377070;1.377070;1.377320;1.377320;1.377320;1.377320;
DAT;12.05.2014 08:36:52;1.377080;1.377080;1.377080;1.377080;1.377320;1.377320;1.377320;1.377320;
DAT;12.05.2014 08:36:52;1.377080;1.377080;1.377080;1.377080;1.377310;1.377310;1.377310;1.377310;
DAT;12.05.2014 08:36:52;1.377070;1.377070;1.377070;1.377070;1.377310;1.377310;1.377310;1.377310;
DAT;12.05.2014 08:36:54;1.377080;1.377080;1.377080;1.377080;1.377310;1.377310;1.377310;1.377310;
DAT;12.05.2014 08:36:54;1.377070;1.377070;1.377070;1.377070;1.377310;1.377310;1.377310;1.377310;
DAT;12.05.2014 08:36:57;1.377070;1.377070;1.377070;1.377070;1.377320;1.377320;1.377320;1.377320;
DAT;12.05.2014 08:36:58;1.377070;1.377070;1.377070;1.377070;1.377310;1.377310;1.377310;1.377310;
DAT;12.05.2014 08:36:58;1.377070;1.377070;1.377070;1.377070;1.377320;1.377320;1.377320;1.377320;
DAT;12.05.2014 08:36:58;1.377080;1.377080;1.377080;1.377080;1.377320;1.377320;1.377320;1.377320;
DAT;12.05.2014 08:36:58;1.377080;1.377080;1.377080;1.377080;1.377330;1.377330;1.377330;1.377330;
DAT;12.05.2014 08:36:58;1.377090;1.377090;1.377090;1.377090;1.377330;1.377330;1.377330;1.377330;
DAT;12.05.2014 08:36:58;1.377090;1.377090;1.377090;1.377090;1.377340;1.377340;1.377340;1.377340;
DAT;12.05.2014 08:36:59;1.377090;1.377090;1.377090;1.377090;1.377330;1.377330;1.377330;1.377330;
DAT;12.05.2014 08:36:59;1.377090;1.377090;1.377090;1.377090;1.377310;1.377310;1.377310;1.377310;
DAT;12.05.2014 08:36:59;1.377080;1.377080;1.377080;1.377080;1.377310;1.377310;1.377310;1.377310;
DAT;12.05.2014 08:36:59;1.377070;1.377070;1.377070;1.377070;1.377310;1.377310;1.377310;1.377310;
DAT;12.05.2014 08:36:59;1.377070;1.377070;1.377070;1.377070;1.377320;1.377320;1.377320;1.377320;
DAT;12.05.2014 08:36:59;1.377070;1.377070;1.377070;1.377070;1.377310;1.377310;1.377310;1.377310;
DAT;12.05.2014 08:37:00;1.377070;1.377070;1.377070;1.377070;1.377320;1.377320;1.377320;1.377320;
DAT;12.05.2014 08:37:00;1.377070;1.377070;1.377070;1.377070;1.377310;1.377310;1.377310;1.377310;
DAT;12.05.2014 08:37:00;1.377090;1.377090;1.377090;1.377090;1.377310;1.377310;1.377310;1.377310;
DAT;12.05.2014 08:37:00;1.377090;1.377090;1.377090;1.377090;1.377330;1.377330;1.377330;1.377330;
DAT;12.05.2014 08:37:01;1.377090;1.377090;1.377090;1.377090;1.377340;1.377340;1.377340;1.377340;
DAT;12.05.2014 08:37:01;1.377100;1.377100;1.377100;1.377100;1.377340;1.377340;1.377340;1.377340;
DAT;12.05.2014 08:37:01;1.377100;1.377100;1.377100;1.377100;1.377350;1.377350;1.377350;1.377350;
DAT;12.05.2014 08:37:01;1.377100;1.377100;1.377100;1.377100;1.377340;1.377340;1.377340;1.377340;
DAT;12.05.2014 08:37:02;1.377100;1.377100;1.377100;1.377100;1.377350;1.377350;1.377350;1.377350;
DAT;12.05.2014 08:37:02;1.377100;1.377100;1.377100;1.377100;1.377340;1.377340;1.377340;1.377340;
DAT;12.05.2014 08:37:05;1.377110;1.377110;1.377110;1.377110;1.377340;1.377340;1.377340;1.377340;
DAT;12.05.2014 08:37:05;1.377110;1.377110;1.377110;1.377110;1.377350;1.377350;1.377350;1.377350;
DAT;12.05.2014 08:37:05;1.377120;1.377120;1.377120;1.377120;1.377350;1.377350;1.377350;1.377350;
DAT;12.05.2014 08:37:10;1.377110;1.377110;1.377110;1.377110;1.377350;1.377350;1.377350;1.377350;
DAT;12.05.2014 08:37:10;1.377110;1.377110;1.377110;1.377110;1.377340;1.377340;1.377340;1.377340;
DAT;12.05.2014 08:37:10;1.377110;1.377110;1.377110;1.377110;1.377330;1.377330;1.377330;1.377330;
DAT;12.05.2014 08:37:10;1.377100;1.377100;1.377100;1.377100;1.377330;1.377330;1.377330;1.377330;
DAT;12.05.2014 08:37:10;1.377090;1.377090;1.377090;1.377090;1.377330;1.377330;1.377330;1.377330;
DAT;12.05.2014 08:37:10;1.377080;1.377080;1.377080;1.377080;1.377330;1.377330;1.377330;1.377330;
DAT;12.05.2014 08:37:10;1.377090;1.377090;1.377090;1.377090;1.377330;1.377330;1.377330;1.377330;
DAT;12.05.2014 08:37:12;1.377090;1.377090;1.377090;1.377090;1.377340;1.377340;1.377340;1.377340;
DAT;12.05.2014 08:37:12;1.377090;1.377090;1.377090;1.377090;1.377330;1.377330;1.377330;1.377330;
DAT;12.05.2014 08:37:14;1.377090;1.377090;1.377090;1.377090;1.377320;1.377320;1.377320;1.377320;
DAT;12.05.2014 08:37:15;1.377080;1.377080;1.377080;1.377080;1.377320;1.377320;1.377320;1.377320;
DAT;12.05.2014 08:37:17;1.377090;1.377090;1.377090;1.377090;1.377320;1.377320;1.377320;1.377320;
DAT;12.05.2014 08:37:17;1.377090;1.377090;1.377090;1.377090;1.377330;1.377330;1.377330;1.377330;
DAT;12.05.2014 08:37:18;1.377100;1.377100;1.377100;1.377100;1.377330;1.377330;1.377330;1.377330;
DAT;12.05.2014 08:37:18;1.377090;1.377090;1.377090;1.377090;1.377330;1.377330;1.377330;1.377330;
DAT;12.05.2014 08:37:18;1.377090;1.377090;1.377090;1.377090;1.377320;1.377320;1.377320;1.377320;
DAT;12.05.2014 08:37:21;1.377090;1.377090;1.377090;1.377090;1.377330;1.377330;1.377330;1.377330;
DAT;12.05.2014 08:37:21;1.377090;1.377090;1.377090;1.377090;1.377320;1.377320;1.377320;1.377320;
DAT;12.05.2014 08:37:22;1.377080;1.377080;1.377080;1.377080;1.377320;1.377320;1.377320;1.377320;
DAT;12.05.2014 08:37:23;1.377070;1.377070;1.377070;1.377070;1.377320;1.377320;1.377320;1.377320;
DAT;12.05.2014 08:37:23;1.377070;1.377070;1.377070;1.377070;1.377310;1.377310;1.377310;1.377310;
DAT;12.05.2014 08:37:23;1.377070;1.377070;1.377070;1.377070;1.377300;1.377300;1.377300;1.377300;
DAT;12.05.2014 08:37:23;1.377070;1.377070;1.377070;1.377070;1.377310;1.377310;1.377310;1.377310;
DAT;12.05.2014 08:37:23;1.377060;1.377060;1.377060;1.377060;1.377310;1.377310;1.377310;1.377310;
DAT;12.05.2014 08:37:29;1.377060;1.377060;1.377060;1.377060;1.377300;1.377300;1.377300;1.377300;
DAT;12.05.2014 08:37:31;1.377060;1.377060;1.377060;1.377060;1.377290;1.377290;1.377290;1.377290;
DAT;12.05.2014 08:37:31;1.377060;1.377060;1.377060;1.377060;1.377280;1.377280;1.377280;1.377280;
DAT;12.05.2014 08:37:31;1.377060;1.377060;1.377060;1.377060;1.377270;1.377270;1.377270;1.377270;
DAT;12.05.2014 08:37:31;1.377060;1.377060;1.377060;1.377060;1.377260;1.377260;1.377260;1.377260;
DAT;12.05.2014 08:37:31;1.377060;1.377060;1.377060;1.377060;1.377250;1.377250;1.377250;1.377250;
DAT;12.05.2014 08:37:31;1.377060;1.377060;1.377060;1.377060;1.377240;1.377240;1.377240;1.377240;
DAT;12.05.2014 08:37:31;1.377020;1.377020;1.377020;1.377020;1.377240;1.377240;1.377240;1.377240;
DAT;12.05.2014 08:37:31;1.377010;1.377010;1.377010;1.377010;1.377240;1.377240;1.377240;1.377240;
DAT;12.05.2014 08:37:31;1.377010;1.377010;1.377010;1.377010;1.377220;1.377220;1.377220;1.377220;
DAT;12.05.2014 08:37:31;1.377010;1.377010;1.377010;1.377010;1.377230;1.377230;1.377230;1.377230;
DAT;12.05.2014 08:37:31;1.377010;1.377010;1.377010;1.377010;1.377210;1.377210;1.377210;1.377210;
DAT;12.05.2014 08:37:31;1.376990;1.376990;1.376990;1.376990;1.377210;1.377210;1.377210;1.377210;
DAT;12.05.2014 08:37:31;1.376980;1.376980;1.376980;1.376980;1.377210;1.377210;1.377210;1.377210;
DAT;12.05.2014 08:37:36;1.376980;1.376980;1.376980;1.376980;1.377220;1.377220;1.377220;1.377220;
DAT;12.05.2014 08:37:38;1.376980;1.376980;1.376980;1.376980;1.377210;1.377210;1.377210;1.377210;
DAT;12.05.2014 08:37:42;1.376970;1.376970;1.376970;1.376970;1.377210;1.377210;1.377210;1.377210;
DAT;12.05.2014 08:37:43;1.376980;1.376980;1.376980;1.376980;1.377210;1.377210;1.377210;1.377210;
DAT;12.05.2014 08:37:46;1.376980;1.376980;1.376980;1.376980;1.377220;1.377220;1.377220;1.377220;
DAT;12.05.2014 08:37:57;1.376980;1.376980;1.376980;1.376980;1.377210;1.377210;1.377210;1.377210;
DAT;12.05.2014 08:37:57;1.376980;1.376980;1.376980;1.376980;1.377200;1.377200;1.377200;1.377200;
DAT;12.05.2014 08:37:57;1.376960;1.376960;1.376960;1.376960;1.377200;1.377200;1.377200;1.377200;
DAT;12.05.2014 08:37:58;1.376990;1.376990;1.376990;1.376990;1.377200;1.377200;1.377200;1.377200;
DAT;12.05.2014 08:37:58;1.377000;1.377000;1.377000;1.377000;1.377200;1.377200;1.377200;1.377200;
DAT;12.05.2014 08:37:58;1.377000;1.377000;1.377000;1.377000;1.377220;1.377220;1.377220;1.377220;
DAT;12.05.2014 08:37:58;1.377000;1.377000;1.377000;1.377000;1.377230;1.377230;1.377230;1.377230;
DAT;12.05.2014 08:38:00;1.377000;1.377000;1.377000;1.377000;1.377240;1.377240;1.377240;1.377240;
DAT;12.05.2014 08:38:02;1.377010;1.377010;1.377010;1.377010;1.377250;1.377250;1.377250;1.377250;
DAT;12.05.2014 08:38:03;1.377010;1.377010;1.377010;1.377010;1.377240;1.377240;1.377240;1.377240;
DAT;12.05.2014 08:38:04;1.377010;1.377010;1.377010;1.377010;1.377250;1.377250;1.377250;1.377250;
DAT;12.05.2014 08:38:04;1.377010;1.377010;1.377010;1.377010;1.377260;1.377260;1.377260;1.377260;
DAT;12.05.2014 08:38:04;1.377020;1.377020;1.377020;1.377020;1.377260;1.377260;1.377260;1.377260;
DAT;12.05.2014 08:38:17;1.377020;1.377020;1.377020;1.377020;1.377240;1.377240;1.377240;1.377240;
DAT;12.05.2014 08:38:17;1.377020;1.377020;1.377020;1.377020;1.377210;1.377210;1.377210;1.377210;
DAT;12.05.2014 08:38:17;1.377020;1.377020;1.377020;1.377020;1.377200;1.377200;1.377200;1.377200;
DAT;12.05.2014 08:38:17;1.377000;1.377000;1.377000;1.377000;1.377200;1.377200;1.377200;1.377200;
DAT;12.05.2014 08:38:17;1.377000;1.377000;1.377000;1.377000;1.377220;1.377220;1.377220;1.377220;
DAT;12.05.2014 08:38:17;1.376990;1.376990;1.376990;1.376990;1.377220;1.377220;1.377220;1.377220;
DAT;12.05.2014 08:38:17;1.376990;1.376990;1.376990;1.376990;1.377210;1.377210;1.377210;1.377210;
DAT;12.05.2014 08:38:17;1.376990;1.376990;1.376990;1.376990;1.377200;1.377200;1.377200;1.377200;
DAT;12.05.2014 08:38:17;1.376980;1.376980;1.376980;1.376980;1.377200;1.377200;1.377200;1.377200;
DAT;12.05.2014 08:38:17;1.376980;1.376980;1.376980;1.376980;1.377210;1.377210;1.377210;1.377210;
DAT;12.05.2014 08:38:17;1.376980;1.376980;1.376980;1.376980;1.377220;1.377220;1.377220;1.377220;
DAT;12.05.2014 08:38:18;1.376980;1.376980;1.376980;1.376980;1.377230;1.377230;1.377230;1.377230;
DAT;12.05.2014 08:38:28;1.376980;1.376980;1.376980;1.376980;1.377210;1.377210;1.377210;1.377210;
DAT;12.05.2014 08:38:49;1.376980;1.376980;1.376980;1.376980;1.377220;1.377220;1.377220;1.377220;
DAT;12.05.2014 08:39:00;1.376970;1.376970;1.376970;1.376970;1.377220;1.377220;1.377220;1.377220;
DAT;12.05.2014 08:39:00;1.376970;1.376970;1.376970;1.376970;1.377210;1.377210;1.377210;1.377210;
DAT;12.05.2014 08:39:00;1.376970;1.376970;1.376970;1.376970;1.377200;1.377200;1.377200;1.377200;
DAT;12.05.2014 08:39:02;1.376970;1.376970;1.376970;1.376970;1.377220;1.377220;1.377220;1.377220;
DAT;12.05.2014 08:39:03;1.376970;1.376970;1.376970;1.376970;1.377200;1.377200;1.377200;1.377200;
DAT;12.05.2014 08:39:05;1.376970;1.376970;1.376970;1.376970;1.377190;1.377190;1.377190;1.377190;
DAT;12.05.2014 08:39:05;1.376950;1.376950;1.376950;1.376950;1.377190;1.377190;1.377190;1.377190;
DAT;12.05.2014 08:39:06;1.376960;1.376960;1.376960;1.376960;1.377190;1.377190;1.377190;1.377190;
DAT;12.05.2014 08:39:07;1.376950;1.376950;1.376950;1.376950;1.377190;1.377190;1.377190;1.377190;
DAT;12.05.2014 08:39:07;1.376950;1.376950;1.376950;1.376950;1.377170;1.377170;1.377170;1.377170;
DAT;12.05.2014 08:39:07;1.376940;1.376940;1.376940;1.376940;1.377170;1.377170;1.377170;1.377170;
DAT;12.05.2014 08:39:07;1.376930;1.376930;1.376930;1.376930;1.377170;1.377170;1.377170;1.377170;
DAT;12.05.2014 08:39:07;1.376940;1.376940;1.376940;1.376940;1.377170;1.377170;1.377170;1.377170;
DAT;12.05.2014 08:39:07;1.376950;1.376950;1.376950;1.376950;1.377170;1.377170;1.377170;1.377170;
DAT;12.05.2014 08:39:07;1.376950;1.376950;1.376950;1.376950;1.377180;1.377180;1.377180;1.377180;
DAT;12.05.2014 08:39:07;1.376960;1.376960;1.376960;1.376960;1.377180;1.377180;1.377180;1.377180;
DAT;12.05.2014 08:39:07;1.376960;1.376960;1.376960;1.376960;1.377190;1.377190;1.377190;1.377190;
DAT;12.05.2014 08:39:07;1.376960;1.376960;1.376960;1.376960;1.377210;1.377210;1.377210;1.377210;
DAT;12.05.2014 08:39:07;1.376970;1.376970;1.376970;1.376970;1.377210;1.377210;1.377210;1.377210;
DAT;12.05.2014 08:39:07;1.376980;1.376980;1.376980;1.376980;1.377210;1.377210;1.377210;1.377210;
DAT;12.05.2014 08:39:08;1.376980;1.376980;1.376980;1.376980;1.377200;1.377200;1.377200;1.377200;
DAT;12.05.2014 08:39:08;1.376980;1.376980;1.376980;1.376980;1.377210;1.377210;1.377210;1.377210;
DAT;12.05.2014 08:39:09;1.376970;1.376970;1.376970;1.376970;1.377210;1.377210;1.377210;1.377210;
DAT;12.05.2014 08:39:11;1.376970;1.376970;1.376970;1.376970;1.377220;1.377220;1.377220;1.377220;
DAT;12.05.2014 08:39:11;1.376980;1.376980;1.376980;1.376980;1.377220;1.377220;1.377220;1.377220;
DAT;12.05.2014 08:39:12;1.376970;1.376970;1.376970;1.376970;1.377220;1.377220;1.377220;1.377220;
DAT;12.05.2014 08:39:15;1.376970;1.376970;1.376970;1.376970;1.377210;1.377210;1.377210;1.377210;
DAT;12.05.2014 08:39:15;1.376970;1.376970;1.376970;1.376970;1.377200;1.377200;1.377200;1.377200;
DAT;12.05.2014 08:39:15;1.376970;1.376970;1.376970;1.376970;1.377210;1.377210;1.377210;1.377210;
DAT;12.05.2014 08:39:15;1.376970;1.376970;1.376970;1.376970;1.377190;1.377190;1.377190;1.377190;
DAT;12.05.2014 08:39:16;1.376970;1.376970;1.376970;1.376970;1.377210;1.377210;1.377210;1.377210;
DAT;12.05.2014 08:39:16;1.376970;1.376970;1.376970;1.376970;1.377190;1.377190;1.377190;1.377190;
DAT;12.05.2014 08:39:16;1.376960;1.376960;1.376960;1.376960;1.377190;1.377190;1.377190;1.377190;
DAT;12.05.2014 08:39:16;1.376960;1.376960;1.376960;1.376960;1.377200;1.377200;1.377200;1.377200;
DAT;12.05.2014 08:39:16;1.376960;1.376960;1.376960;1.376960;1.377190;1.377190;1.377190;1.377190;
DAT;12.05.2014 08:39:16;1.376960;1.376960;1.376960;1.376960;1.377200;1.377200;1.377200;1.377200;
DAT;12.05.2014 08:39:16;1.376960;1.376960;1.376960;1.376960;1.377190;1.377190;1.377190;1.377190;
DAT;12.05.2014 08:39:16;1.376950;1.376950;1.376950;1.376950;1.377190;1.377190;1.377190;1.377190;
DAT;12.05.2014 08:39:16;1.376950;1.376950;1.376950;1.376950;1.377180;1.377180;1.377180;1.377180;
DAT;12.05.2014 08:39:16;1.376930;1.376930;1.376930;1.376930;1.377180;1.377180;1.377180;1.377180;
DAT;12.05.2014 08:39:16;1.376930;1.376930;1.376930;1.376930;1.377170;1.377170;1.377170;1.377170;
DAT;12.05.2014 08:39:17;1.376930;1.376930;1.376930;1.376930;1.377160;1.377160;1.377160;1.377160;
DAT;12.05.2014 08:39:17;1.376920;1.376920;1.376920;1.376920;1.377160;1.377160;1.377160;1.377160;
DAT;12.05.2014 08:39:18;1.376930;1.376930;1.376930;1.376930;1.377160;1.377160;1.377160;1.377160;
DAT;12.05.2014 08:39:18;1.376930;1.376930;1.376930;1.376930;1.377170;1.377170;1.377170;1.377170;
DAT;12.05.2014 08:39:18;1.376930;1.376930;1.376930;1.376930;1.377180;1.377180;1.377180;1.377180;
DAT;12.05.2014 08:39:18;1.376950;1.376950;1.376950;1.376950;1.377180;1.377180;1.377180;1.377180;
DAT;12.05.2014 08:39:18;1.376930;1.376930;1.376930;1.376930;1.377180;1.377180;1.377180;1.377180;
DAT;12.05.2014 08:39:18;1.376930;1.376930;1.376930;1.376930;1.377170;1.377170;1.377170;1.377170;
DAT;12.05.2014 08:39:18;1.376940;1.376940;1.376940;1.376940;1.377170;1.377170;1.377170;1.377170;
DAT;12.05.2014 08:39:18;1.376940;1.376940;1.376940;1.376940;1.377180;1.377180;1.377180;1.377180;
DAT;12.05.2014 08:39:18;1.376940;1.376940;1.376940;1.376940;1.377170;1.377170;1.377170;1.377170;
DAT;12.05.2014 08:39:18;1.376930;1.376930;1.376930;1.376930;1.377170;1.377170;1.377170;1.377170;
DAT;12.05.2014 08:39:18;1.376930;1.376930;1.376930;1.376930;1.377180;1.377180;1.377180;1.377180;
DAT;12.05.2014 08:39:18;1.376930;1.376930;1.376930;1.376930;1.377170;1.377170;1.377170;1.377170;
DAT;12.05.2014 08:39:18;1.376920;1.376920;1.376920;1.376920;1.377170;1.377170;1.377170;1.377170;
DAT;12.05.2014 08:39:18;1.376920;1.376920;1.376920;1.376920;1.377160;1.377160;1.377160;1.377160;
DAT;12.05.2014 08:39:20;1.376920;1.376920;1.376920;1.376920;1.377150;1.377150;1.377150;1.377150;
DAT;12.05.2014 08:39:22;1.376920;1.376920;1.376920;1.376920;1.377160;1.377160;1.377160;1.377160;
DAT;12.05.2014 08:39:22;1.376910;1.376910;1.376910;1.376910;1.377160;1.377160;1.377160;1.377160;
DAT;12.05.2014 08:39:22;1.376910;1.376910;1.376910;1.376910;1.377150;1.377150;1.377150;1.377150;
DAT;12.05.2014 08:39:23;1.376920;1.376920;1.376920;1.376920;1.377150;1.377150;1.377150;1.377150;
DAT;12.05.2014 08:39:23;1.376930;1.376930;1.376930;1.376930;1.377150;1.377150;1.377150;1.377150;
DAT;12.05.2014 08:39:23;1.376950;1.376950;1.376950;1.376950;1.377150;1.377150;1.377150;1.377150;
DAT;12.05.2014 08:39:23;1.376950;1.376950;1.376950;1.376950;1.377170;1.377170;1.377170;1.377170;
DAT;12.05.2014 08:39:23;1.376950;1.376950;1.376950;1.376950;1.377160;1.377160;1.377160;1.377160;
DAT;12.05.2014 08:39:23;1.376930;1.376930;1.376930;1.376930;1.377160;1.377160;1.377160;1.377160;
DAT;12.05.2014 08:39:23;1.376930;1.376930;1.376930;1.376930;1.377170;1.377170;1.377170;1.377170;
DAT;12.05.2014 08:39:23;1.376930;1.376930;1.376930;1.376930;1.377160;1.377160;1.377160;1.377160;
DAT;12.05.2014 08:39:23;1.376920;1.376920;1.376920;1.376920;1.377160;1.377160;1.377160;1.377160;
DAT;12.05.2014 08:39:23;1.376910;1.376910;1.376910;1.376910;1.377160;1.377160;1.377160;1.377160;
DAT;12.05.2014 08:39:24;1.376910;1.376910;1.376910;1.376910;1.377150;1.377150;1.377150;1.377150;
DAT;12.05.2014 08:39:26;1.376910;1.376910;1.376910;1.376910;1.377160;1.377160;1.377160;1.377160;
DAT;12.05.2014 08:39:27;1.376910;1.376910;1.376910;1.376910;1.377150;1.377150;1.377150;1.377150;
DAT;12.05.2014 08:39:29;1.376910;1.376910;1.376910;1.376910;1.377140;1.377140;1.377140;1.377140;
DAT;12.05.2014 08:39:30;1.376900;1.376900;1.376900;1.376900;1.377140;1.377140;1.377140;1.377140;
DAT;12.05.2014 08:39:30;1.376900;1.376900;1.376900;1.376900;1.377130;1.377130;1.377130;1.377130;
DAT;12.05.2014 08:39:30;1.376890;1.376890;1.376890;1.376890;1.377130;1.377130;1.377130;1.377130;
DAT;12.05.2014 08:39:32;1.376890;1.376890;1.376890;1.376890;1.377110;1.377110;1.377110;1.377110;
DAT;12.05.2014 08:39:33;1.376880;1.376880;1.376880;1.376880;1.377110;1.377110;1.377110;1.377110;
DAT;12.05.2014 08:39:33;1.376880;1.376880;1.376880;1.376880;1.377120;1.377120;1.377120;1.377120;
DAT;12.05.2014 08:39:33;1.376880;1.376880;1.376880;1.376880;1.377100;1.377100;1.377100;1.377100;
DAT;12.05.2014 08:39:33;1.376870;1.376870;1.376870;1.376870;1.377100;1.377100;1.377100;1.377100;
DAT;12.05.2014 08:39:33;1.376870;1.376870;1.376870;1.376870;1.377120;1.377120;1.377120;1.377120;
DAT;12.05.2014 08:39:33;1.376870;1.376870;1.376870;1.376870;1.377090;1.377090;1.377090;1.377090;
DAT;12.05.2014 08:39:33;1.376860;1.376860;1.376860;1.376860;1.377090;1.377090;1.377090;1.377090;
DAT;12.05.2014 08:39:33;1.376860;1.376860;1.376860;1.376860;1.377110;1.377110;1.377110;1.377110;
DAT;12.05.2014 08:39:33;1.376860;1.376860;1.376860;1.376860;1.377080;1.377080;1.377080;1.377080;
DAT;12.05.2014 08:39:33;1.376850;1.376850;1.376850;1.376850;1.377080;1.377080;1.377080;1.377080;
DAT;12.05.2014 08:39:33;1.376850;1.376850;1.376850;1.376850;1.377090;1.377090;1.377090;1.377090;
DAT;12.05.2014 08:39:33;1.376850;1.376850;1.376850;1.376850;1.377070;1.377070;1.377070;1.377070;
DAT;12.05.2014 08:39:33;1.376860;1.376860;1.376860;1.376860;1.377070;1.377070;1.377070;1.377070;
DAT;12.05.2014 08:39:33;1.376860;1.376860;1.376860;1.376860;1.377090;1.377090;1.377090;1.377090;
DAT;12.05.2014 08:39:33;1.376860;1.376860;1.376860;1.376860;1.377080;1.377080;1.377080;1.377080;
DAT;12.05.2014 08:39:33;1.376850;1.376850;1.376850;1.376850;1.377080;1.377080;1.377080;1.377080;
DAT;12.05.2014 08:39:34;1.376850;1.376850;1.376850;1.376850;1.377100;1.377100;1.377100;1.377100;
DAT;12.05.2014 08:39:34;1.376850;1.376850;1.376850;1.376850;1.377070;1.377070;1.377070;1.377070;
DAT;12.05.2014 08:39:34;1.376860;1.376860;1.376860;1.376860;1.377100;1.377100;1.377100;1.377100;
DAT;12.05.2014 08:39:35;1.376850;1.376850;1.376850;1.376850;1.377070;1.377070;1.377070;1.377070;
DAT;12.05.2014 08:39:35;1.376860;1.376860;1.376860;1.376860;1.377100;1.377100;1.377100;1.377100;
DAT;12.05.2014 08:39:36;1.376860;1.376860;1.376860;1.376860;1.377070;1.377070;1.377070;1.377070;
DAT;12.05.2014 08:39:36;1.376860;1.376860;1.376860;1.376860;1.377100;1.377100;1.377100;1.377100;
DAT;12.05.2014 08:39:36;1.376860;1.376860;1.376860;1.376860;1.377070;1.377070;1.377070;1.377070;
DAT;12.05.2014 08:39:36;1.376860;1.376860;1.376860;1.376860;1.377100;1.377100;1.377100;1.377100;
DAT;12.05.2014 08:39:36;1.376860;1.376860;1.376860;1.376860;1.377080;1.377080;1.377080;1.377080;
DAT;12.05.2014 08:39:36;1.376850;1.376850;1.376850;1.376850;1.377080;1.377080;1.377080;1.377080;
DAT;12.05.2014 08:39:36;1.376850;1.376850;1.376850;1.376850;1.377090;1.377090;1.377090;1.377090;
DAT;12.05.2014 08:39:36;1.376850;1.376850;1.376850;1.376850;1.377070;1.377070;1.377070;1.377070;
DAT;12.05.2014 08:39:36;1.376840;1.376840;1.376840;1.376840;1.377070;1.377070;1.377070;1.377070;
DAT;12.05.2014 08:39:36;1.376840;1.376840;1.376840;1.376840;1.377080;1.377080;1.377080;1.377080;
DAT;12.05.2014 08:39:36;1.376840;1.376840;1.376840;1.376840;1.377060;1.377060;1.377060;1.377060;
DAT;12.05.2014 08:39:36;1.376830;1.376830;1.376830;1.376830;1.377060;1.377060;1.377060;1.377060;
DAT;12.05.2014 08:39:36;1.376830;1.376830;1.376830;1.376830;1.377050;1.377050;1.377050;1.377050;
DAT;12.05.2014 08:39:36;1.376830;1.376830;1.376830;1.376830;1.377060;1.377060;1.377060;1.377060;
DAT;12.05.2014 08:39:36;1.376830;1.376830;1.376830;1.376830;1.377040;1.377040;1.377040;1.377040;
DAT;12.05.2014 08:39:36;1.376830;1.376830;1.376830;1.376830;1.377060;1.377060;1.377060;1.377060;
DAT;12.05.2014 08:39:37;1.376830;1.376830;1.376830;1.376830;1.377050;1.377050;1.377050;1.377050;
DAT;12.05.2014 08:39:37;1.376830;1.376830;1.376830;1.376830;1.377030;1.377030;1.377030;1.377030;
DAT;12.05.2014 08:39:39;1.376820;1.376820;1.376820;1.376820;1.377030;1.377030;1.377030;1.377030;
DAT;12.05.2014 08:39:41;1.376810;1.376810;1.376810;1.376810;1.377030;1.377030;1.377030;1.377030;
DAT;12.05.2014 08:39:42;1.376810;1.376810;1.376810;1.376810;1.377050;1.377050;1.377050;1.377050;
DAT;12.05.2014 08:39:42;1.376810;1.376810;1.376810;1.376810;1.377030;1.377030;1.377030;1.377030;
DAT;12.05.2014 08:39:43;1.376810;1.376810;1.376810;1.376810;1.377050;1.377050;1.377050;1.377050;
DAT;12.05.2014 08:39:43;1.376810;1.376810;1.376810;1.376810;1.377030;1.377030;1.377030;1.377030;
DAT;12.05.2014 08:39:43;1.376800;1.376800;1.376800;1.376800;1.377030;1.377030;1.377030;1.377030;
DAT;12.05.2014 08:39:45;1.376790;1.376790;1.376790;1.376790;1.377030;1.377030;1.377030;1.377030;
DAT;12.05.2014 08:39:45;1.376790;1.376790;1.376790;1.376790;1.377020;1.377020;1.377020;1.377020;
DAT;12.05.2014 08:39:45;1.376800;1.376800;1.376800;1.376800;1.377020;1.377020;1.377020;1.377020;
DAT;12.05.2014 08:39:45;1.376800;1.376800;1.376800;1.376800;1.377030;1.377030;1.377030;1.377030;
DAT;12.05.2014 08:39:48;1.376800;1.376800;1.376800;1.376800;1.377040;1.377040;1.377040;1.377040;
DAT;12.05.2014 08:39:48;1.376800;1.376800;1.376800;1.376800;1.377020;1.377020;1.377020;1.377020;
DAT;12.05.2014 08:39:48;1.376800;1.376800;1.376800;1.376800;1.377040;1.377040;1.377040;1.377040;
DAT;12.05.2014 08:39:48;1.376800;1.376800;1.376800;1.376800;1.377010;1.377010;1.377010;1.377010;
DAT;12.05.2014 08:39:51;1.376780;1.376780;1.376780;1.376780;1.377010;1.377010;1.377010;1.377010;
DAT;12.05.2014 08:39:51;1.376780;1.376780;1.376780;1.376780;1.377020;1.377020;1.377020;1.377020;
DAT;12.05.2014 08:39:51;1.376790;1.376790;1.376790;1.376790;1.377020;1.377020;1.377020;1.377020;
DAT;12.05.2014 08:39:57;1.376790;1.376790;1.376790;1.376790;1.377010;1.377010;1.377010;1.377010;
DAT;12.05.2014 08:39:57;1.376790;1.376790;1.376790;1.376790;1.377020;1.377020;1.377020;1.377020;
DAT;12.05.2014 08:39:57;1.376790;1.376790;1.376790;1.376790;1.377010;1.377010;1.377010;1.377010;
DAT;12.05.2014 08:39:58;1.376790;1.376790;1.376790;1.376790;1.377020;1.377020;1.377020;1.377020;
DAT;12.05.2014 08:39:58;1.376790;1.376790;1.376790;1.376790;1.377010;1.377010;1.377010;1.377010;
DAT;12.05.2014 08:39:58;1.376780;1.376780;1.376780;1.376780;1.377010;1.377010;1.377010;1.377010;
DAT;12.05.2014 08:39:58;1.376780;1.376780;1.376780;1.376780;1.377020;1.377020;1.377020;1.377020;
DAT;12.05.2014 08:39:58;1.376780;1.376780;1.376780;1.376780;1.377000;1.377000;1.377000;1.377000;
DAT;12.05.2014 08:39:58;1.376780;1.376780;1.376780;1.376780;1.377020;1.377020;1.377020;1.377020;
DAT;12.05.2014 08:39:58;1.376780;1.376780;1.376780;1.376780;1.377010;1.377010;1.377010;1.377010;
DAT;12.05.2014 08:39:58;1.376780;1.376780;1.376780;1.376780;1.377020;1.377020;1.377020;1.377020;
DAT;12.05.2014 08:39:58;1.376780;1.376780;1.376780;1.376780;1.377000;1.377000;1.377000;1.377000;
DAT;12.05.2014 08:40:00;1.376780;1.376780;1.376780;1.376780;1.377020;1.377020;1.377020;1.377020;
DAT;12.05.2014 08:40:00;1.376780;1.376780;1.376780;1.376780;1.377010;1.377010;1.377010;1.377010;
DAT;12.05.2014 08:40:00;1.376790;1.376790;1.376790;1.376790;1.377010;1.377010;1.377010;1.377010;
DAT;12.05.2014 08:40:00;1.376790;1.376790;1.376790;1.376790;1.377020;1.377020;1.377020;1.377020;
DAT;12.05.2014 08:40:00;1.376790;1.376790;1.376790;1.376790;1.377030;1.377030;1.377030;1.377030;
DAT;12.05.2014 08:40:00;1.376800;1.376800;1.376800;1.376800;1.377030;1.377030;1.377030;1.377030;
DAT;12.05.2014 08:40:00;1.376800;1.376800;1.376800;1.376800;1.377040;1.377040;1.377040;1.377040;
DAT;12.05.2014 08:40:00;1.376790;1.376790;1.376790;1.376790;1.377040;1.377040;1.377040;1.377040;
DAT;12.05.2014 08:40:01;1.376800;1.376800;1.376800;1.376800;1.377040;1.377040;1.377040;1.377040;
DAT;12.05.2014 08:40:02;1.376790;1.376790;1.376790;1.376790;1.377040;1.377040;1.377040;1.377040;
DAT;12.05.2014 08:40:02;1.376790;1.376790;1.376790;1.376790;1.377030;1.377030;1.377030;1.377030;
DAT;12.05.2014 08:40:02;1.376790;1.376790;1.376790;1.376790;1.377020;1.377020;1.377020;1.377020;
DAT;12.05.2014 08:40:03;1.376790;1.376790;1.376790;1.376790;1.377040;1.377040;1.377040;1.377040;
DAT;12.05.2014 08:40:03;1.376790;1.376790;1.376790;1.376790;1.377020;1.377020;1.377020;1.377020;
DAT;12.05.2014 08:40:03;1.376790;1.376790;1.376790;1.376790;1.377040;1.377040;1.377040;1.377040;
DAT;12.05.2014 08:40:03;1.376790;1.376790;1.376790;1.376790;1.377020;1.377020;1.377020;1.377020;
DAT;12.05.2014 08:40:04;1.376790;1.376790;1.376790;1.376790;1.377040;1.377040;1.377040;1.377040;
DAT;12.05.2014 08:40:04;1.376790;1.376790;1.376790;1.376790;1.377020;1.377020;1.377020;1.377020;
DAT;12.05.2014 08:40:04;1.376790;1.376790;1.376790;1.376790;1.377040;1.377040;1.377040;1.377040;
DAT;12.05.2014 08:40:04;1.376790;1.376790;1.376790;1.376790;1.377020;1.377020;1.377020;1.377020;
DAT;12.05.2014 08:40:05;1.376790;1.376790;1.376790;1.376790;1.377040;1.377040;1.377040;1.377040;
DAT;12.05.2014 08:40:05;1.376790;1.376790;1.376790;1.376790;1.377020;1.377020;1.377020;1.377020;
DAT;12.05.2014 08:40:05;1.376790;1.376790;1.376790;1.376790;1.377040;1.377040;1.377040;1.377040;
DAT;12.05.2014 08:40:05;1.376790;1.376790;1.376790;1.376790;1.377020;1.377020;1.377020;1.377020;
DAT;12.05.2014 08:40:07;1.376790;1.376790;1.376790;1.376790;1.377040;1.377040;1.377040;1.377040;
DAT;12.05.2014 08:40:07;1.376790;1.376790;1.376790;1.376790;1.377020;1.377020;1.377020;1.377020;
DAT;12.05.2014 08:40:08;1.376790;1.376790;1.376790;1.376790;1.377040;1.377040;1.377040;1.377040;
DAT;12.05.2014 08:40:08;1.376790;1.376790;1.376790;1.376790;1.377020;1.377020;1.377020;1.377020;
DAT;12.05.2014 08:40:11;1.376790;1.376790;1.376790;1.376790;1.377040;1.377040;1.377040;1.377040;
DAT;12.05.2014 08:40:11;1.376790;1.376790;1.376790;1.376790;1.377020;1.377020;1.377020;1.377020;
DAT;12.05.2014 08:40:11;1.376790;1.376790;1.376790;1.376790;1.377040;1.377040;1.377040;1.377040;
DAT;12.05.2014 08:40:11;1.376790;1.376790;1.376790;1.376790;1.377030;1.377030;1.377030;1.377030;
DAT;12.05.2014 08:40:13;1.376790;1.376790;1.376790;1.376790;1.377020;1.377020;1.377020;1.377020;
DAT;12.05.2014 08:40:13;1.376790;1.376790;1.376790;1.376790;1.377030;1.377030;1.377030;1.377030;
DAT;12.05.2014 08:40:13;1.376790;1.376790;1.376790;1.376790;1.377020;1.377020;1.377020;1.377020;
DAT;12.05.2014 08:40:14;1.376790;1.376790;1.376790;1.376790;1.377030;1.377030;1.377030;1.377030;
DAT;12.05.2014 08:40:14;1.376790;1.376790;1.376790;1.376790;1.377020;1.377020;1.377020;1.377020;
DAT;12.05.2014 08:40:14;1.376790;1.376790;1.376790;1.376790;1.377030;1.377030;1.377030;1.377030;
DAT;12.05.2014 08:40:14;1.376790;1.376790;1.376790;1.376790;1.377020;1.377020;1.377020;1.377020;
DAT;12.05.2014 08:40:15;1.376790;1.376790;1.376790;1.376790;1.377030;1.377030;1.377030;1.377030;
DAT;12.05.2014 08:40:15;1.376790;1.376790;1.376790;1.376790;1.377020;1.377020;1.377020;1.377020;
DAT;12.05.2014 08:40:15;1.376790;1.376790;1.376790;1.376790;1.377040;1.377040;1.377040;1.377040;
DAT;12.05.2014 08:40:15;1.376790;1.376790;1.376790;1.376790;1.377020;1.377020;1.377020;1.377020;
DAT;12.05.2014 08:40:16;1.376790;1.376790;1.376790;1.376790;1.377040;1.377040;1.377040;1.377040;
DAT;12.05.2014 08:40:16;1.376790;1.376790;1.376790;1.376790;1.377020;1.377020;1.377020;1.377020;
DAT;12.05.2014 08:40:16;1.376790;1.376790;1.376790;1.376790;1.377040;1.377040;1.377040;1.377040;
DAT;12.05.2014 08:40:16;1.376790;1.376790;1.376790;1.376790;1.377020;1.377020;1.377020;1.377020;
DAT;12.05.2014 08:40:17;1.376770;1.376770;1.376770;1.376770;1.377020;1.377020;1.377020;1.377020;
DAT;12.05.2014 08:40:17;1.376770;1.376770;1.376770;1.376770;1.377000;1.377000;1.377000;1.377000;
DAT;12.05.2014 08:40:17;1.376770;1.376770;1.376770;1.376770;1.377020;1.377020;1.377020;1.377020;
DAT;12.05.2014 08:40:17;1.376770;1.376770;1.376770;1.376770;1.377000;1.377000;1.377000;1.377000;
DAT;12.05.2014 08:40:18;1.376770;1.376770;1.376770;1.376770;1.377020;1.377020;1.377020;1.377020;
DAT;12.05.2014 08:40:18;1.376770;1.376770;1.376770;1.376770;1.377000;1.377000;1.377000;1.377000;
DAT;12.05.2014 08:40:18;1.376770;1.376770;1.376770;1.376770;1.377020;1.377020;1.377020;1.377020;
DAT;12.05.2014 08:40:18;1.376770;1.376770;1.376770;1.376770;1.377000;1.377000;1.377000;1.377000;
DAT;12.05.2014 08:40:18;1.376760;1.376760;1.376760;1.376760;1.377000;1.377000;1.377000;1.377000;
DAT;12.05.2014 08:40:18;1.376760;1.376760;1.376760;1.376760;1.376990;1.376990;1.376990;1.376990;
DAT;12.05.2014 08:40:18;1.376740;1.376740;1.376740;1.376740;1.376990;1.376990;1.376990;1.376990;
DAT;12.05.2014 08:40:18;1.376740;1.376740;1.376740;1.376740;1.376980;1.376980;1.376980;1.376980;
DAT;12.05.2014 08:40:18;1.376730;1.376730;1.376730;1.376730;1.376980;1.376980;1.376980;1.376980;
DAT;12.05.2014 08:40:18;1.376730;1.376730;1.376730;1.376730;1.376970;1.376970;1.376970;1.376970;
DAT;12.05.2014 08:40:19;1.376730;1.376730;1.376730;1.376730;1.376960;1.376960;1.376960;1.376960;
DAT;12.05.2014 08:40:19;1.376730;1.376730;1.376730;1.376730;1.376970;1.376970;1.376970;1.376970;
DAT;12.05.2014 08:40:19;1.376730;1.376730;1.376730;1.376730;1.376960;1.376960;1.376960;1.376960;
DAT;12.05.2014 08:40:20;1.376730;1.376730;1.376730;1.376730;1.376970;1.376970;1.376970;1.376970;
DAT;12.05.2014 08:40:20;1.376720;1.376720;1.376720;1.376720;1.376970;1.376970;1.376970;1.376970;
DAT;12.05.2014 08:40:20;1.376720;1.376720;1.376720;1.376720;1.376960;1.376960;1.376960;1.376960;
DAT;12.05.2014 08:40:20;1.376720;1.376720;1.376720;1.376720;1.376950;1.376950;1.376950;1.376950;
DAT;12.05.2014 08:40:20;1.376720;1.376720;1.376720;1.376720;1.376960;1.376960;1.376960;1.376960;
DAT;12.05.2014 08:40:21;1.376720;1.376720;1.376720;1.376720;1.376950;1.376950;1.376950;1.376950;
DAT;12.05.2014 08:40:21;1.376710;1.376710;1.376710;1.376710;1.376950;1.376950;1.376950;1.376950;
DAT;12.05.2014 08:40:21;1.376710;1.376710;1.376710;1.376710;1.376940;1.376940;1.376940;1.376940;
DAT;12.05.2014 08:40:21;1.376710;1.376710;1.376710;1.376710;1.376950;1.376950;1.376950;1.376950;
DAT;12.05.2014 08:40:22;1.376720;1.376720;1.376720;1.376720;1.376950;1.376950;1.376950;1.376950;
DAT;12.05.2014 08:40:26;1.376720;1.376720;1.376720;1.376720;1.376940;1.376940;1.376940;1.376940;
DAT;12.05.2014 08:40:26;1.376710;1.376710;1.376710;1.376710;1.376940;1.376940;1.376940;1.376940;
DAT;12.05.2014 08:40:26;1.376700;1.376700;1.376700;1.376700;1.376940;1.376940;1.376940;1.376940;
DAT;12.05.2014 08:40:27;1.376700;1.376700;1.376700;1.376700;1.376930;1.376930;1.376930;1.376930;
DAT;12.05.2014 08:40:28;1.376690;1.376690;1.376690;1.376690;1.376930;1.376930;1.376930;1.376930;
DAT;12.05.2014 08:40:29;1.376680;1.376680;1.376680;1.376680;1.376930;1.376930;1.376930;1.376930;
DAT;12.05.2014 08:40:29;1.376680;1.376680;1.376680;1.376680;1.376920;1.376920;1.376920;1.376920;
DAT;12.05.2014 08:40:29;1.376690;1.376690;1.376690;1.376690;1.376920;1.376920;1.376920;1.376920;
DAT;12.05.2014 08:40:33;1.376680;1.376680;1.376680;1.376680;1.376920;1.376920;1.376920;1.376920;
DAT;12.05.2014 08:40:34;1.376680;1.376680;1.376680;1.376680;1.376900;1.376900;1.376900;1.376900;
DAT;12.05.2014 08:40:34;1.376680;1.376680;1.376680;1.376680;1.376920;1.376920;1.376920;1.376920;
DAT;12.05.2014 08:40:34;1.376680;1.376680;1.376680;1.376680;1.376900;1.376900;1.376900;1.376900;
DAT;12.05.2014 08:40:34;1.376680;1.376680;1.376680;1.376680;1.376920;1.376920;1.376920;1.376920;
DAT;12.05.2014 08:40:34;1.376680;1.376680;1.376680;1.376680;1.376910;1.376910;1.376910;1.376910;
DAT;12.05.2014 08:40:34;1.376680;1.376680;1.376680;1.376680;1.376890;1.376890;1.376890;1.376890;
DAT;12.05.2014 08:40:34;1.376680;1.376680;1.376680;1.376680;1.376910;1.376910;1.376910;1.376910;
DAT;12.05.2014 08:40:34;1.376680;1.376680;1.376680;1.376680;1.376890;1.376890;1.376890;1.376890;
DAT;12.05.2014 08:40:34;1.376680;1.376680;1.376680;1.376680;1.376910;1.376910;1.376910;1.376910;
DAT;12.05.2014 08:40:34;1.376670;1.376670;1.376670;1.376670;1.376910;1.376910;1.376910;1.376910;
DAT;12.05.2014 08:40:34;1.376670;1.376670;1.376670;1.376670;1.376900;1.376900;1.376900;1.376900;
DAT;12.05.2014 08:40:35;1.376670;1.376670;1.376670;1.376670;1.376910;1.376910;1.376910;1.376910;
DAT;12.05.2014 08:40:35;1.376660;1.376660;1.376660;1.376660;1.376910;1.376910;1.376910;1.376910;
DAT;12.05.2014 08:40:35;1.376660;1.376660;1.376660;1.376660;1.376900;1.376900;1.376900;1.376900;
DAT;12.05.2014 08:40:35;1.376670;1.376670;1.376670;1.376670;1.376900;1.376900;1.376900;1.376900;
DAT;12.05.2014 08:40:35;1.376670;1.376670;1.376670;1.376670;1.376910;1.376910;1.376910;1.376910;
DAT;12.05.2014 08:40:35;1.376680;1.376680;1.376680;1.376680;1.376910;1.376910;1.376910;1.376910;
DAT;12.05.2014 08:40:35;1.376670;1.376670;1.376670;1.376670;1.376910;1.376910;1.376910;1.376910;
DAT;12.05.2014 08:40:35;1.376680;1.376680;1.376680;1.376680;1.376910;1.376910;1.376910;1.376910;
DAT;12.05.2014 08:40:36;1.376670;1.376670;1.376670;1.376670;1.376910;1.376910;1.376910;1.376910;
DAT;12.05.2014 08:40:39;1.376660;1.376660;1.376660;1.376660;1.376910;1.376910;1.376910;1.376910;
DAT;12.05.2014 08:40:39;1.376670;1.376670;1.376670;1.376670;1.376910;1.376910;1.376910;1.376910;
DAT;12.05.2014 08:40:40;1.376680;1.376680;1.376680;1.376680;1.376910;1.376910;1.376910;1.376910;
DAT;12.05.2014 08:40:42;1.376670;1.376670;1.376670;1.376670;1.376910;1.376910;1.376910;1.376910;
DAT;12.05.2014 08:40:45;1.376660;1.376660;1.376660;1.376660;1.376910;1.376910;1.376910;1.376910;
DAT;12.05.2014 08:40:46;1.376670;1.376670;1.376670;1.376670;1.376910;1.376910;1.376910;1.376910;
DAT;12.05.2014 08:40:46;1.376670;1.376670;1.376670;1.376670;1.376890;1.376890;1.376890;1.376890;
DAT;12.05.2014 08:40:46;1.376660;1.376660;1.376660;1.376660;1.376890;1.376890;1.376890;1.376890;
DAT;12.05.2014 08:40:46;1.376650;1.376650;1.376650;1.376650;1.376890;1.376890;1.376890;1.376890;
DAT;12.05.2014 08:40:46;1.376660;1.376660;1.376660;1.376660;1.376890;1.376890;1.376890;1.376890;
DAT;12.05.2014 08:40:46;1.376650;1.376650;1.376650;1.376650;1.376890;1.376890;1.376890;1.376890;
DAT;12.05.2014 08:40:46;1.376660;1.376660;1.376660;1.376660;1.376890;1.376890;1.376890;1.376890;
DAT;12.05.2014 08:40:47;1.376650;1.376650;1.376650;1.376650;1.376890;1.376890;1.376890;1.376890;
DAT;12.05.2014 08:40:47;1.376660;1.376660;1.376660;1.376660;1.376890;1.376890;1.376890;1.376890;
DAT;12.05.2014 08:40:49;1.376650;1.376650;1.376650;1.376650;1.376890;1.376890;1.376890;1.376890;
DAT;12.05.2014 08:40:49;1.376660;1.376660;1.376660;1.376660;1.376890;1.376890;1.376890;1.376890;
DAT;12.05.2014 08:40:49;1.376650;1.376650;1.376650;1.376650;1.376890;1.376890;1.376890;1.376890;
DAT;12.05.2014 08:40:49;1.376660;1.376660;1.376660;1.376660;1.376890;1.376890;1.376890;1.376890;
DAT;12.05.2014 08:40:50;1.376650;1.376650;1.376650;1.376650;1.376890;1.376890;1.376890;1.376890;
DAT;12.05.2014 08:40:50;1.376650;1.376650;1.376650;1.376650;1.376880;1.376880;1.376880;1.376880;
DAT;12.05.2014 08:40:50;1.376630;1.376630;1.376630;1.376630;1.376880;1.376880;1.376880;1.376880;
DAT;12.05.2014 08:40:50;1.376630;1.376630;1.376630;1.376630;1.376870;1.376870;1.376870;1.376870;
DAT;12.05.2014 08:40:50;1.376620;1.376620;1.376620;1.376620;1.376870;1.376870;1.376870;1.376870;
DAT;12.05.2014 08:40:50;1.376610;1.376610;1.376610;1.376610;1.376870;1.376870;1.376870;1.376870;
DAT;12.05.2014 08:40:50;1.376610;1.376610;1.376610;1.376610;1.376860;1.376860;1.376860;1.376860;
DAT;12.05.2014 08:40:50;1.376610;1.376610;1.376610;1.376610;1.376850;1.376850;1.376850;1.376850;
DAT;12.05.2014 08:40:50;1.376600;1.376600;1.376600;1.376600;1.376850;1.376850;1.376850;1.376850;
DAT;12.05.2014 08:40:50;1.376610;1.376610;1.376610;1.376610;1.376850;1.376850;1.376850;1.376850;
DAT;12.05.2014 08:40:50;1.376610;1.376610;1.376610;1.376610;1.376860;1.376860;1.376860;1.376860;
DAT;12.05.2014 08:40:51;1.376620;1.376620;1.376620;1.376620;1.376860;1.376860;1.376860;1.376860;
DAT;12.05.2014 08:40:51;1.376610;1.376610;1.376610;1.376610;1.376860;1.376860;1.376860;1.376860;
DAT;12.05.2014 08:40:51;1.376620;1.376620;1.376620;1.376620;1.376860;1.376860;1.376860;1.376860;
DAT;12.05.2014 08:40:52;1.376620;1.376620;1.376620;1.376620;1.376870;1.376870;1.376870;1.376870;
DAT;12.05.2014 08:40:52;1.376660;1.376660;1.376660;1.376660;1.376870;1.376870;1.376870;1.376870;
DAT;12.05.2014 08:40:52;1.376630;1.376630;1.376630;1.376630;1.376870;1.376870;1.376870;1.376870;
DAT;12.05.2014 08:40:52;1.376650;1.376650;1.376650;1.376650;1.376870;1.376870;1.376870;1.376870;
DAT;12.05.2014 08:40:52;1.376670;1.376670;1.376670;1.376670;1.376870;1.376870;1.376870;1.376870;
DAT;12.05.2014 08:40:52;1.376670;1.376670;1.376670;1.376670;1.376890;1.376890;1.376890;1.376890;
DAT;12.05.2014 08:40:52;1.376680;1.376680;1.376680;1.376680;1.376890;1.376890;1.376890;1.376890;
DAT;12.05.2014 08:40:52;1.376680;1.376680;1.376680;1.376680;1.376900;1.376900;1.376900;1.376900;
DAT;12.05.2014 08:40:56;1.376670;1.376670;1.376670;1.376670;1.376900;1.376900;1.376900;1.376900;
DAT;12.05.2014 08:40:58;1.376670;1.376670;1.376670;1.376670;1.376910;1.376910;1.376910;1.376910;
DAT;12.05.2014 08:40:58;1.376690;1.376690;1.376690;1.376690;1.376910;1.376910;1.376910;1.376910;
DAT;12.05.2014 08:40:58;1.376700;1.376700;1.376700;1.376700;1.376910;1.376910;1.376910;1.376910;
DAT;12.05.2014 08:40:58;1.376690;1.376690;1.376690;1.376690;1.376910;1.376910;1.376910;1.376910;
DAT;12.05.2014 08:40:58;1.376690;1.376690;1.376690;1.376690;1.376920;1.376920;1.376920;1.376920;
DAT;12.05.2014 08:40:58;1.376690;1.376690;1.376690;1.376690;1.376930;1.376930;1.376930;1.376930;
DAT;12.05.2014 08:40:58;1.376690;1.376690;1.376690;1.376690;1.376940;1.376940;1.376940;1.376940;
DAT;12.05.2014 08:40:58;1.376700;1.376700;1.376700;1.376700;1.376940;1.376940;1.376940;1.376940;
DAT;12.05.2014 08:40:58;1.376700;1.376700;1.376700;1.376700;1.376930;1.376930;1.376930;1.376930;
DAT;12.05.2014 08:41:00;1.376710;1.376710;1.376710;1.376710;1.376930;1.376930;1.376930;1.376930;
DAT;12.05.2014 08:41:00;1.376710;1.376710;1.376710;1.376710;1.376950;1.376950;1.376950;1.376950;
DAT;12.05.2014 08:41:01;1.376710;1.376710;1.376710;1.376710;1.376940;1.376940;1.376940;1.376940;
DAT;12.05.2014 08:41:02;1.376710;1.376710;1.376710;1.376710;1.376950;1.376950;1.376950;1.376950;
DAT;12.05.2014 08:41:03;1.376710;1.376710;1.376710;1.376710;1.376940;1.376940;1.376940;1.376940;
DAT;12.05.2014 08:41:04;1.376710;1.376710;1.376710;1.376710;1.376930;1.376930;1.376930;1.376930;
DAT;12.05.2014 08:41:07;1.376700;1.376700;1.376700;1.376700;1.376930;1.376930;1.376930;1.376930;
DAT;12.05.2014 08:41:07;1.376710;1.376710;1.376710;1.376710;1.376930;1.376930;1.376930;1.376930;
DAT;12.05.2014 08:41:07;1.376710;1.376710;1.376710;1.376710;1.376940;1.376940;1.376940;1.376940;
DAT;12.05.2014 08:41:08;1.376700;1.376700;1.376700;1.376700;1.376940;1.376940;1.376940;1.376940;
DAT;12.05.2014 08:41:08;1.376710;1.376710;1.376710;1.376710;1.376940;1.376940;1.376940;1.376940;
DAT;12.05.2014 08:41:08;1.376710;1.376710;1.376710;1.376710;1.376950;1.376950;1.376950;1.376950;
DAT;12.05.2014 08:41:19;1.376720;1.376720;1.376720;1.376720;1.376950;1.376950;1.376950;1.376950;
DAT;12.05.2014 08:41:20;1.376710;1.376710;1.376710;1.376710;1.376950;1.376950;1.376950;1.376950;
DAT;12.05.2014 08:41:23;1.376710;1.376710;1.376710;1.376710;1.376940;1.376940;1.376940;1.376940;
DAT;12.05.2014 08:41:23;1.376700;1.376700;1.376700;1.376700;1.376940;1.376940;1.376940;1.376940;
DAT;12.05.2014 08:41:23;1.376690;1.376690;1.376690;1.376690;1.376940;1.376940;1.376940;1.376940;
DAT;12.05.2014 08:41:23;1.376690;1.376690;1.376690;1.376690;1.376930;1.376930;1.376930;1.376930;
DAT;12.05.2014 08:41:23;1.376680;1.376680;1.376680;1.376680;1.376930;1.376930;1.376930;1.376930;
DAT;12.05.2014 08:41:23;1.376680;1.376680;1.376680;1.376680;1.376940;1.376940;1.376940;1.376940;
DAT;12.05.2014 08:41:26;1.376690;1.376690;1.376690;1.376690;1.376940;1.376940;1.376940;1.376940;
DAT;12.05.2014 08:41:27;1.376690;1.376690;1.376690;1.376690;1.376930;1.376930;1.376930;1.376930;
DAT;12.05.2014 08:41:28;1.376690;1.376690;1.376690;1.376690;1.376940;1.376940;1.376940;1.376940;
DAT;12.05.2014 08:41:28;1.376700;1.376700;1.376700;1.376700;1.376940;1.376940;1.376940;1.376940;
DAT;12.05.2014 08:41:29;1.376700;1.376700;1.376700;1.376700;1.376950;1.376950;1.376950;1.376950;
DAT;12.05.2014 08:41:29;1.376720;1.376720;1.376720;1.376720;1.376950;1.376950;1.376950;1.376950;
DAT;12.05.2014 08:41:29;1.376730;1.376730;1.376730;1.376730;1.376950;1.376950;1.376950;1.376950;
DAT;12.05.2014 08:41:29;1.376730;1.376730;1.376730;1.376730;1.376960;1.376960;1.376960;1.376960;
DAT;12.05.2014 08:41:29;1.376740;1.376740;1.376740;1.376740;1.376960;1.376960;1.376960;1.376960;
DAT;12.05.2014 08:41:29;1.376740;1.376740;1.376740;1.376740;1.376970;1.376970;1.376970;1.376970;
DAT;12.05.2014 08:41:31;1.376730;1.376730;1.376730;1.376730;1.376970;1.376970;1.376970;1.376970;
DAT;12.05.2014 08:41:31;1.376740;1.376740;1.376740;1.376740;1.376970;1.376970;1.376970;1.376970;
DAT;12.05.2014 08:41:33;1.376730;1.376730;1.376730;1.376730;1.376970;1.376970;1.376970;1.376970;
DAT;12.05.2014 08:41:33;1.376740;1.376740;1.376740;1.376740;1.376970;1.376970;1.376970;1.376970;
DAT;12.05.2014 08:41:37;1.376740;1.376740;1.376740;1.376740;1.376980;1.376980;1.376980;1.376980;
DAT;12.05.2014 08:41:38;1.376730;1.376730;1.376730;1.376730;1.376980;1.376980;1.376980;1.376980;
DAT;12.05.2014 08:41:39;1.376740;1.376740;1.376740;1.376740;1.376980;1.376980;1.376980;1.376980;
DAT;12.05.2014 08:41:40;1.376730;1.376730;1.376730;1.376730;1.376980;1.376980;1.376980;1.376980;
DAT;12.05.2014 08:41:40;1.376740;1.376740;1.376740;1.376740;1.376980;1.376980;1.376980;1.376980;
DAT;12.05.2014 08:41:45;1.376730;1.376730;1.376730;1.376730;1.376980;1.376980;1.376980;1.376980;
DAT;12.05.2014 08:41:45;1.376740;1.376740;1.376740;1.376740;1.376980;1.376980;1.376980;1.376980;
DAT;12.05.2014 08:41:45;1.376740;1.376740;1.376740;1.376740;1.376970;1.376970;1.376970;1.376970;
DAT;12.05.2014 08:41:46;1.376740;1.376740;1.376740;1.376740;1.376980;1.376980;1.376980;1.376980;
DAT;12.05.2014 08:41:49;1.376760;1.376760;1.376760;1.376760;1.376980;1.376980;1.376980;1.376980;
DAT;12.05.2014 08:41:49;1.376760;1.376760;1.376760;1.376760;1.376990;1.376990;1.376990;1.376990;
DAT;12.05.2014 08:41:49;1.376740;1.376740;1.376740;1.376740;1.376970;1.376970;1.376970;1.376970;
DAT;12.05.2014 08:41:49;1.376750;1.376750;1.376750;1.376750;1.376970;1.376970;1.376970;1.376970;
DAT;12.05.2014 08:41:49;1.376770;1.376770;1.376770;1.376770;1.376970;1.376970;1.376970;1.376970;
DAT;12.05.2014 08:41:49;1.376780;1.376780;1.376780;1.376780;1.376970;1.376970;1.376970;1.376970;
DAT;12.05.2014 08:41:49;1.376780;1.376780;1.376780;1.376780;1.377010;1.377010;1.377010;1.377010;
DAT;12.05.2014 08:41:49;1.376780;1.376780;1.376780;1.376780;1.377030;1.377030;1.377030;1.377030;
DAT;12.05.2014 08:41:55;1.376780;1.376780;1.376780;1.376780;1.377020;1.377020;1.377020;1.377020;
DAT;12.05.2014 08:41:55;1.376770;1.376770;1.376770;1.376770;1.377020;1.377020;1.377020;1.377020;
DAT;12.05.2014 08:41:55;1.376770;1.376770;1.376770;1.376770;1.377030;1.377030;1.377030;1.377030;
DAT;12.05.2014 08:41:55;1.376770;1.376770;1.376770;1.376770;1.377010;1.377010;1.377010;1.377010;
DAT;12.05.2014 08:41:55;1.376760;1.376760;1.376760;1.376760;1.377010;1.377010;1.377010;1.377010;
DAT;12.05.2014 08:41:55;1.376760;1.376760;1.376760;1.376760;1.377000;1.377000;1.377000;1.377000;
DAT;12.05.2014 08:41:55;1.376750;1.376750;1.376750;1.376750;1.377000;1.377000;1.377000;1.377000;
DAT;12.05.2014 08:41:55;1.376750;1.376750;1.376750;1.376750;1.376990;1.376990;1.376990;1.376990;
DAT;12.05.2014 08:41:56;1.376740;1.376740;1.376740;1.376740;1.376990;1.376990;1.376990;1.376990;
DAT;12.05.2014 08:41:56;1.376730;1.376730;1.376730;1.376730;1.376990;1.376990;1.376990;1.376990;
DAT;12.05.2014 08:42:00;1.376730;1.376730;1.376730;1.376730;1.376980;1.376980;1.376980;1.376980;
DAT;12.05.2014 08:42:04;1.376730;1.376730;1.376730;1.376730;1.376990;1.376990;1.376990;1.376990;
DAT;12.05.2014 08:42:04;1.376730;1.376730;1.376730;1.376730;1.376970;1.376970;1.376970;1.376970;
DAT;12.05.2014 08:42:06;1.376730;1.376730;1.376730;1.376730;1.376990;1.376990;1.376990;1.376990;
DAT;12.05.2014 08:42:06;1.376730;1.376730;1.376730;1.376730;1.376970;1.376970;1.376970;1.376970;
DAT;12.05.2014 08:42:06;1.376730;1.376730;1.376730;1.376730;1.376990;1.376990;1.376990;1.376990;
DAT;12.05.2014 08:42:06;1.376730;1.376730;1.376730;1.376730;1.376970;1.376970;1.376970;1.376970;
DAT;12.05.2014 08:42:09;1.376720;1.376720;1.376720;1.376720;1.376970;1.376970;1.376970;1.376970;
DAT;12.05.2014 08:42:09;1.376710;1.376710;1.376710;1.376710;1.376970;1.376970;1.376970;1.376970;
DAT;12.05.2014 08:42:09;1.376710;1.376710;1.376710;1.376710;1.376960;1.376960;1.376960;1.376960;
DAT;12.05.2014 08:42:09;1.376710;1.376710;1.376710;1.376710;1.376970;1.376970;1.376970;1.376970;
DAT;12.05.2014 08:42:09;1.376710;1.376710;1.376710;1.376710;1.376960;1.376960;1.376960;1.376960;
DAT;12.05.2014 08:42:14;1.376770;1.376770;1.376770;1.376770;1.376960;1.376960;1.376960;1.376960;
DAT;12.05.2014 08:42:14;1.376770;1.376770;1.376770;1.376770;1.376970;1.376970;1.376970;1.376970;
DAT;12.05.2014 08:42:14;1.376770;1.376770;1.376770;1.376770;1.376980;1.376980;1.376980;1.376980;
DAT;12.05.2014 08:42:14;1.376800;1.376800;1.376800;1.376800;1.376980;1.376980;1.376980;1.376980;
DAT;12.05.2014 08:42:14;1.376770;1.376770;1.376770;1.376770;1.376980;1.376980;1.376980;1.376980;
DAT;12.05.2014 08:42:14;1.376770;1.376770;1.376770;1.376770;1.377000;1.377000;1.377000;1.377000;
DAT;12.05.2014 08:42:14;1.376760;1.376760;1.376760;1.376760;1.377000;1.377000;1.377000;1.377000;
DAT;12.05.2014 08:42:14;1.376760;1.376760;1.376760;1.376760;1.376980;1.376980;1.376980;1.376980;
DAT;12.05.2014 08:42:14;1.376750;1.376750;1.376750;1.376750;1.376980;1.376980;1.376980;1.376980;
DAT;12.05.2014 08:42:14;1.376730;1.376730;1.376730;1.376730;1.376980;1.376980;1.376980;1.376980;
DAT;12.05.2014 08:42:14;1.376740;1.376740;1.376740;1.376740;1.376980;1.376980;1.376980;1.376980;
DAT;12.05.2014 08:42:14;1.376750;1.376750;1.376750;1.376750;1.376980;1.376980;1.376980;1.376980;
DAT;12.05.2014 08:42:14;1.376750;1.376750;1.376750;1.376750;1.376990;1.376990;1.376990;1.376990;
DAT;12.05.2014 08:42:14;1.376750;1.376750;1.376750;1.376750;1.377000;1.377000;1.377000;1.377000;
DAT;12.05.2014 08:42:14;1.376760;1.376760;1.376760;1.376760;1.377000;1.377000;1.377000;1.377000;
DAT;12.05.2014 08:42:14;1.376770;1.376770;1.376770;1.376770;1.377000;1.377000;1.377000;1.377000;
DAT;12.05.2014 08:42:16;1.376760;1.376760;1.376760;1.376760;1.377000;1.377000;1.377000;1.377000;
DAT;12.05.2014 08:42:16;1.376770;1.376770;1.376770;1.376770;1.377000;1.377000;1.377000;1.377000;
DAT;12.05.2014 08:42:21;1.376760;1.376760;1.376760;1.376760;1.377000;1.377000;1.377000;1.377000;
DAT;12.05.2014 08:42:21;1.376760;1.376760;1.376760;1.376760;1.376980;1.376980;1.376980;1.376980;
DAT;12.05.2014 08:42:22;1.376750;1.376750;1.376750;1.376750;1.376980;1.376980;1.376980;1.376980;
DAT;12.05.2014 08:42:32;1.376760;1.376760;1.376760;1.376760;1.376980;1.376980;1.376980;1.376980;
DAT;12.05.2014 08:42:32;1.376750;1.376750;1.376750;1.376750;1.376980;1.376980;1.376980;1.376980;
DAT;12.05.2014 08:42:32;1.376760;1.376760;1.376760;1.376760;1.376980;1.376980;1.376980;1.376980;
DAT;12.05.2014 08:42:32;1.376760;1.376760;1.376760;1.376760;1.376990;1.376990;1.376990;1.376990;
DAT;12.05.2014 08:42:32;1.376760;1.376760;1.376760;1.376760;1.376980;1.376980;1.376980;1.376980;
DAT;12.05.2014 08:42:32;1.376750;1.376750;1.376750;1.376750;1.376980;1.376980;1.376980;1.376980;
DAT;12.05.2014 08:42:32;1.376750;1.376750;1.376750;1.376750;1.377000;1.377000;1.377000;1.377000;
DAT;12.05.2014 08:42:32;1.376760;1.376760;1.376760;1.376760;1.377000;1.377000;1.377000;1.377000;
DAT;12.05.2014 08:42:32;1.376790;1.376790;1.376790;1.376790;1.377000;1.377000;1.377000;1.377000;
DAT;12.05.2014 08:42:32;1.376790;1.376790;1.376790;1.376790;1.377010;1.377010;1.377010;1.377010;
DAT;12.05.2014 08:42:32;1.376790;1.376790;1.376790;1.376790;1.377020;1.377020;1.377020;1.377020;
DAT;12.05.2014 08:42:32;1.376800;1.376800;1.376800;1.376800;1.377020;1.377020;1.377020;1.377020;
DAT;12.05.2014 08:42:32;1.376810;1.376810;1.376810;1.376810;1.377020;1.377020;1.377020;1.377020;
DAT;12.05.2014 08:42:32;1.376800;1.376800;1.376800;1.376800;1.377020;1.377020;1.377020;1.377020;
DAT;12.05.2014 08:42:32;1.376790;1.376790;1.376790;1.376790;1.377020;1.377020;1.377020;1.377020;
DAT;12.05.2014 08:42:32;1.376780;1.376780;1.376780;1.376780;1.377020;1.377020;1.377020;1.377020;
DAT;12.05.2014 08:42:32;1.376780;1.376780;1.376780;1.376780;1.377030;1.377030;1.377030;1.377030;
DAT;12.05.2014 08:42:39;1.376780;1.376780;1.376780;1.376780;1.377010;1.377010;1.377010;1.377010;
DAT;12.05.2014 08:42:39;1.376770;1.376770;1.376770;1.376770;1.377010;1.377010;1.377010;1.377010;
DAT;12.05.2014 08:42:39;1.376760;1.376760;1.376760;1.376760;1.377010;1.377010;1.377010;1.377010;
DAT;12.05.2014 08:42:39;1.376760;1.376760;1.376760;1.376760;1.377000;1.377000;1.377000;1.377000;
DAT;12.05.2014 08:42:39;1.376750;1.376750;1.376750;1.376750;1.377000;1.377000;1.377000;1.377000;
DAT;12.05.2014 08:42:40;1.376750;1.376750;1.376750;1.376750;1.376990;1.376990;1.376990;1.376990;
DAT;12.05.2014 08:42:40;1.376770;1.376770;1.376770;1.376770;1.376990;1.376990;1.376990;1.376990;
DAT;12.05.2014 08:42:40;1.376770;1.376770;1.376770;1.376770;1.377010;1.377010;1.377010;1.377010;
DAT;12.05.2014 08:42:40;1.376780;1.376780;1.376780;1.376780;1.377010;1.377010;1.377010;1.377010;
DAT;12.05.2014 08:42:40;1.376780;1.376780;1.376780;1.376780;1.377020;1.377020;1.377020;1.377020;
DAT;12.05.2014 08:42:40;1.376800;1.376800;1.376800;1.376800;1.377020;1.377020;1.377020;1.377020;
DAT;12.05.2014 08:42:40;1.376780;1.376780;1.376780;1.376780;1.377020;1.377020;1.377020;1.377020;
DAT;12.05.2014 08:42:40;1.376800;1.376800;1.376800;1.376800;1.377020;1.377020;1.377020;1.377020;
DAT;12.05.2014 08:42:41;1.376780;1.376780;1.376780;1.376780;1.377020;1.377020;1.377020;1.377020;
DAT;12.05.2014 08:42:41;1.376800;1.376800;1.376800;1.376800;1.377020;1.377020;1.377020;1.377020;
DAT;12.05.2014 08:42:41;1.376780;1.376780;1.376780;1.376780;1.377020;1.377020;1.377020;1.377020;
DAT;12.05.2014 08:42:43;1.376780;1.376780;1.376780;1.376780;1.377030;1.377030;1.377030;1.377030;
DAT;12.05.2014 08:42:43;1.376800;1.376800;1.376800;1.376800;1.377030;1.377030;1.377030;1.377030;
DAT;12.05.2014 08:42:52;1.376800;1.376800;1.376800;1.376800;1.377040;1.377040;1.377040;1.377040;
DAT;12.05.2014 08:42:53;1.376780;1.376780;1.376780;1.376780;1.377040;1.377040;1.377040;1.377040;
DAT;12.05.2014 08:43:00;1.376790;1.376790;1.376790;1.376790;1.377040;1.377040;1.377040;1.377040;
DAT;12.05.2014 08:43:00;1.376800;1.376800;1.376800;1.376800;1.377040;1.377040;1.377040;1.377040;
DAT;12.05.2014 08:43:00;1.376800;1.376800;1.376800;1.376800;1.377050;1.377050;1.377050;1.377050;
DAT;12.05.2014 08:43:03;1.376820;1.376820;1.376820;1.376820;1.377050;1.377050;1.377050;1.377050;
DAT;12.05.2014 08:43:03;1.376820;1.376820;1.376820;1.376820;1.377060;1.377060;1.377060;1.377060;
DAT;12.05.2014 08:43:03;1.376850;1.376850;1.376850;1.376850;1.377060;1.377060;1.377060;1.377060;
DAT;12.05.2014 08:43:03;1.376850;1.376850;1.376850;1.376850;1.377070;1.377070;1.377070;1.377070;
DAT;12.05.2014 08:43:03;1.376820;1.376820;1.376820;1.376820;1.377070;1.377070;1.377070;1.377070;
DAT;12.05.2014 08:43:03;1.376820;1.376820;1.376820;1.376820;1.377060;1.377060;1.377060;1.377060;
DAT;12.05.2014 08:43:04;1.376810;1.376810;1.376810;1.376810;1.377050;1.377050;1.377050;1.377050;
DAT;12.05.2014 08:43:04;1.376800;1.376800;1.376800;1.376800;1.377050;1.377050;1.377050;1.377050;
DAT;12.05.2014 08:43:05;1.376800;1.376800;1.376800;1.376800;1.377040;1.377040;1.377040;1.377040;
DAT;12.05.2014 08:43:05;1.376790;1.376790;1.376790;1.376790;1.377040;1.377040;1.377040;1.377040;
DAT;12.05.2014 08:43:06;1.376800;1.376800;1.376800;1.376800;1.377040;1.377040;1.377040;1.377040;
DAT;12.05.2014 08:43:06;1.376820;1.376820;1.376820;1.376820;1.377040;1.377040;1.377040;1.377040;
DAT;12.05.2014 08:43:06;1.376820;1.376820;1.376820;1.376820;1.377050;1.377050;1.377050;1.377050;
DAT;12.05.2014 08:43:06;1.376820;1.376820;1.376820;1.376820;1.377060;1.377060;1.377060;1.377060;
DAT;12.05.2014 08:43:06;1.376840;1.376840;1.376840;1.376840;1.377060;1.377060;1.377060;1.377060;
DAT;12.05.2014 08:43:06;1.376840;1.376840;1.376840;1.376840;1.377050;1.377050;1.377050;1.377050;
DAT;12.05.2014 08:43:06;1.376810;1.376810;1.376810;1.376810;1.377050;1.377050;1.377050;1.377050;
DAT;12.05.2014 08:43:06;1.376800;1.376800;1.376800;1.376800;1.377050;1.377050;1.377050;1.377050;
DAT;12.05.2014 08:43:06;1.376800;1.376800;1.376800;1.376800;1.377040;1.377040;1.377040;1.377040;
DAT;12.05.2014 08:43:06;1.376790;1.376790;1.376790;1.376790;1.377040;1.377040;1.377040;1.377040;
DAT;12.05.2014 08:43:09;1.376800;1.376800;1.376800;1.376800;1.377040;1.377040;1.377040;1.377040;
DAT;12.05.2014 08:43:09;1.376800;1.376800;1.376800;1.376800;1.377050;1.377050;1.377050;1.377050;
DAT;12.05.2014 08:43:12;1.376810;1.376810;1.376810;1.376810;1.377050;1.377050;1.377050;1.377050;
DAT;12.05.2014 08:43:12;1.376800;1.376800;1.376800;1.376800;1.377050;1.377050;1.377050;1.377050;
DAT;12.05.2014 08:43:21;1.376820;1.376820;1.376820;1.376820;1.377050;1.377050;1.377050;1.377050;
DAT;12.05.2014 08:43:21;1.376820;1.376820;1.376820;1.376820;1.377060;1.377060;1.377060;1.377060;
DAT;12.05.2014 08:43:22;1.376810;1.376810;1.376810;1.376810;1.377060;1.377060;1.377060;1.377060;
DAT;12.05.2014 08:43:22;1.376830;1.376830;1.376830;1.376830;1.377060;1.377060;1.377060;1.377060;
DAT;12.05.2014 08:43:22;1.376830;1.376830;1.376830;1.376830;1.377070;1.377070;1.377070;1.377070;
DAT;12.05.2014 08:43:23;1.376820;1.376820;1.376820;1.376820;1.377070;1.377070;1.377070;1.377070;
DAT;12.05.2014 08:43:24;1.376810;1.376810;1.376810;1.376810;1.377070;1.377070;1.377070;1.377070;
DAT;12.05.2014 08:43:24;1.376830;1.376830;1.376830;1.376830;1.377070;1.377070;1.377070;1.377070;
DAT;12.05.2014 08:43:24;1.376850;1.376850;1.376850;1.376850;1.377070;1.377070;1.377070;1.377070;
DAT;12.05.2014 08:43:24;1.376840;1.376840;1.376840;1.376840;1.377070;1.377070;1.377070;1.377070;
DAT;12.05.2014 08:43:24;1.376830;1.376830;1.376830;1.376830;1.377070;1.377070;1.377070;1.377070;
DAT;12.05.2014 08:43:25;1.376820;1.376820;1.376820;1.376820;1.377070;1.377070;1.377070;1.377070;
DAT;12.05.2014 08:43:25;1.376810;1.376810;1.376810;1.376810;1.377070;1.377070;1.377070;1.377070;
DAT;12.05.2014 08:43:25;1.376810;1.376810;1.376810;1.376810;1.377060;1.377060;1.377060;1.377060;
DAT;12.05.2014 08:43:28;1.376820;1.376820;1.376820;1.376820;1.377060;1.377060;1.377060;1.377060;
DAT;12.05.2014 08:43:37;1.376810;1.376810;1.376810;1.376810;1.377060;1.377060;1.377060;1.377060;
DAT;12.05.2014 08:43:43;1.376820;1.376820;1.376820;1.376820;1.377060;1.377060;1.377060;1.377060;
DAT;12.05.2014 08:43:43;1.376830;1.376830;1.376830;1.376830;1.377060;1.377060;1.377060;1.377060;
DAT;12.05.2014 08:43:43;1.376830;1.376830;1.376830;1.376830;1.377070;1.377070;1.377070;1.377070;
DAT;12.05.2014 08:43:45;1.376830;1.376830;1.376830;1.376830;1.377080;1.377080;1.377080;1.377080;
DAT;12.05.2014 08:43:46;1.376840;1.376840;1.376840;1.376840;1.377080;1.377080;1.377080;1.377080;
DAT;12.05.2014 08:43:46;1.376830;1.376830;1.376830;1.376830;1.377080;1.377080;1.377080;1.377080;
DAT;12.05.2014 08:43:46;1.376840;1.376840;1.376840;1.376840;1.377080;1.377080;1.377080;1.377080;
DAT;12.05.2014 08:43:46;1.376830;1.376830;1.376830;1.376830;1.377080;1.377080;1.377080;1.377080;
DAT;12.05.2014 08:43:46;1.376830;1.376830;1.376830;1.376830;1.377070;1.377070;1.377070;1.377070;
DAT;12.05.2014 08:43:47;1.376820;1.376820;1.376820;1.376820;1.377070;1.377070;1.377070;1.377070;
DAT;12.05.2014 08:43:51;1.376810;1.376810;1.376810;1.376810;1.377060;1.377060;1.377060;1.377060;
DAT;12.05.2014 08:43:51;1.376820;1.376820;1.376820;1.376820;1.377060;1.377060;1.377060;1.377060;
DAT;12.05.2014 08:43:51;1.376820;1.376820;1.376820;1.376820;1.377050;1.377050;1.377050;1.377050;
DAT;12.05.2014 08:43:57;1.376820;1.376820;1.376820;1.376820;1.377040;1.377040;1.377040;1.377040;
DAT;12.05.2014 08:43:57;1.376810;1.376810;1.376810;1.376810;1.377040;1.377040;1.377040;1.377040;
DAT;12.05.2014 08:44:00;1.376810;1.376810;1.376810;1.376810;1.377050;1.377050;1.377050;1.377050;
DAT;12.05.2014 08:44:00;1.376810;1.376810;1.376810;1.376810;1.377060;1.377060;1.377060;1.377060;
DAT;12.05.2014 08:44:00;1.376830;1.376830;1.376830;1.376830;1.377060;1.377060;1.377060;1.377060;
DAT;12.05.2014 08:44:00;1.376830;1.376830;1.376830;1.376830;1.377050;1.377050;1.377050;1.377050;
DAT;12.05.2014 08:44:00;1.376820;1.376820;1.376820;1.376820;1.377050;1.377050;1.377050;1.377050;
DAT;12.05.2014 08:44:02;1.376820;1.376820;1.376820;1.376820;1.377040;1.377040;1.377040;1.377040;
DAT;12.05.2014 08:44:05;1.376820;1.376820;1.376820;1.376820;1.377050;1.377050;1.377050;1.377050;
DAT;12.05.2014 08:44:05;1.376820;1.376820;1.376820;1.376820;1.377040;1.377040;1.377040;1.377040;
DAT;12.05.2014 08:44:08;1.376820;1.376820;1.376820;1.376820;1.377050;1.377050;1.377050;1.377050;
DAT;12.05.2014 08:44:08;1.376820;1.376820;1.376820;1.376820;1.377040;1.377040;1.377040;1.377040;
DAT;12.05.2014 08:44:10;1.376820;1.376820;1.376820;1.376820;1.377050;1.377050;1.377050;1.377050;
DAT;12.05.2014 08:44:10;1.376820;1.376820;1.376820;1.376820;1.377040;1.377040;1.377040;1.377040;
DAT;12.05.2014 08:44:12;1.376810;1.376810;1.376810;1.376810;1.377040;1.377040;1.377040;1.377040;
DAT;12.05.2014 08:44:14;1.376810;1.376810;1.376810;1.376810;1.377050;1.377050;1.377050;1.377050;
DAT;12.05.2014 08:44:14;1.376830;1.376830;1.376830;1.376830;1.377050;1.377050;1.377050;1.377050;
DAT;12.05.2014 08:44:14;1.376820;1.376820;1.376820;1.376820;1.377050;1.377050;1.377050;1.377050;
DAT;12.05.2014 08:44:14;1.376830;1.376830;1.376830;1.376830;1.377050;1.377050;1.377050;1.377050;
DAT;12.05.2014 08:44:14;1.376830;1.376830;1.376830;1.376830;1.377060;1.377060;1.377060;1.377060;
DAT;12.05.2014 08:44:14;1.376840;1.376840;1.376840;1.376840;1.377060;1.377060;1.377060;1.377060;
DAT;12.05.2014 08:44:14;1.376830;1.376830;1.376830;1.376830;1.377060;1.377060;1.377060;1.377060;
DAT;12.05.2014 08:44:14;1.376840;1.376840;1.376840;1.376840;1.377060;1.377060;1.377060;1.377060;
DAT;12.05.2014 08:44:14;1.376850;1.376850;1.376850;1.376850;1.377060;1.377060;1.377060;1.377060;
DAT;12.05.2014 08:44:14;1.376850;1.376850;1.376850;1.376850;1.377080;1.377080;1.377080;1.377080;
DAT;12.05.2014 08:44:14;1.376860;1.376860;1.376860;1.376860;1.377080;1.377080;1.377080;1.377080;
DAT;12.05.2014 08:44:14;1.376870;1.376870;1.376870;1.376870;1.377080;1.377080;1.377080;1.377080;
DAT;12.05.2014 08:44:14;1.376870;1.376870;1.376870;1.376870;1.377090;1.377090;1.377090;1.377090;
DAT;12.05.2014 08:44:14;1.376870;1.376870;1.376870;1.376870;1.377100;1.377100;1.377100;1.377100;
DAT;12.05.2014 08:44:14;1.376870;1.376870;1.376870;1.376870;1.377110;1.377110;1.377110;1.377110;
DAT;12.05.2014 08:44:14;1.376900;1.376900;1.376900;1.376900;1.377110;1.377110;1.377110;1.377110;
DAT;12.05.2014 08:44:14;1.376900;1.376900;1.376900;1.376900;1.377120;1.377120;1.377120;1.377120;
DAT;12.05.2014 08:44:14;1.376900;1.376900;1.376900;1.376900;1.377130;1.377130;1.377130;1.377130;
DAT;12.05.2014 08:44:14;1.376910;1.376910;1.376910;1.376910;1.377130;1.377130;1.377130;1.377130;
DAT;12.05.2014 08:44:14;1.376940;1.376940;1.376940;1.376940;1.377130;1.377130;1.377130;1.377130;
DAT;12.05.2014 08:44:14;1.376940;1.376940;1.376940;1.376940;1.377150;1.377150;1.377150;1.377150;
DAT;12.05.2014 08:44:14;1.376950;1.376950;1.376950;1.376950;1.377150;1.377150;1.377150;1.377150;
DAT;12.05.2014 08:44:14;1.376940;1.376940;1.376940;1.376940;1.377150;1.377150;1.377150;1.377150;
DAT;12.05.2014 08:44:14;1.376940;1.376940;1.376940;1.376940;1.377180;1.377180;1.377180;1.377180;
DAT;12.05.2014 08:44:14;1.376940;1.376940;1.376940;1.376940;1.377190;1.377190;1.377190;1.377190;
DAT;12.05.2014 08:44:15;1.376950;1.376950;1.376950;1.376950;1.377190;1.377190;1.377190;1.377190;
DAT;12.05.2014 08:44:15;1.376960;1.376960;1.376960;1.376960;1.377190;1.377190;1.377190;1.377190;
DAT;12.05.2014 08:44:15;1.376990;1.376990;1.376990;1.376990;1.377190;1.377190;1.377190;1.377190;
DAT;12.05.2014 08:44:15;1.376990;1.376990;1.376990;1.376990;1.377210;1.377210;1.377210;1.377210;
DAT;12.05.2014 08:44:15;1.376980;1.376980;1.376980;1.376980;1.377210;1.377210;1.377210;1.377210;
DAT;12.05.2014 08:44:15;1.376980;1.376980;1.376980;1.376980;1.377230;1.377230;1.377230;1.377230;
DAT;12.05.2014 08:44:15;1.376980;1.376980;1.376980;1.376980;1.377220;1.377220;1.377220;1.377220;
DAT;12.05.2014 08:44:15;1.376980;1.376980;1.376980;1.376980;1.377200;1.377200;1.377200;1.377200;
DAT;12.05.2014 08:44:15;1.376980;1.376980;1.376980;1.376980;1.377220;1.377220;1.377220;1.377220;
DAT;12.05.2014 08:44:15;1.376980;1.376980;1.376980;1.376980;1.377200;1.377200;1.377200;1.377200;
DAT;12.05.2014 08:44:15;1.376980;1.376980;1.376980;1.376980;1.377220;1.377220;1.377220;1.377220;
DAT;12.05.2014 08:44:15;1.376980;1.376980;1.376980;1.376980;1.377200;1.377200;1.377200;1.377200;
DAT;12.05.2014 08:44:15;1.376980;1.376980;1.376980;1.376980;1.377220;1.377220;1.377220;1.377220;
DAT;12.05.2014 08:44:15;1.376980;1.376980;1.376980;1.376980;1.377200;1.377200;1.377200;1.377200;
DAT;12.05.2014 08:44:15;1.376970;1.376970;1.376970;1.376970;1.377200;1.377200;1.377200;1.377200;
DAT;12.05.2014 08:44:15;1.376960;1.376960;1.376960;1.376960;1.377200;1.377200;1.377200;1.377200;
DAT;12.05.2014 08:44:15;1.376960;1.376960;1.376960;1.376960;1.377180;1.377180;1.377180;1.377180;
DAT;12.05.2014 08:44:15;1.376960;1.376960;1.376960;1.376960;1.377160;1.377160;1.377160;1.377160;
DAT;12.05.2014 08:44:15;1.376950;1.376950;1.376950;1.376950;1.377160;1.377160;1.377160;1.377160;
DAT;12.05.2014 08:44:15;1.376960;1.376960;1.376960;1.376960;1.377160;1.377160;1.377160;1.377160;
DAT;12.05.2014 08:44:15;1.376950;1.376950;1.376950;1.376950;1.377160;1.377160;1.377160;1.377160;
DAT;12.05.2014 08:44:15;1.376950;1.376950;1.376950;1.376950;1.377180;1.377180;1.377180;1.377180;
DAT;12.05.2014 08:44:15;1.376970;1.376970;1.376970;1.376970;1.377180;1.377180;1.377180;1.377180;
DAT;12.05.2014 08:44:15;1.376970;1.376970;1.376970;1.376970;1.377190;1.377190;1.377190;1.377190;
DAT;12.05.2014 08:44:15;1.376960;1.376960;1.376960;1.376960;1.377190;1.377190;1.377190;1.377190;
DAT;12.05.2014 08:44:15;1.376960;1.376960;1.376960;1.376960;1.377180;1.377180;1.377180;1.377180;
DAT;12.05.2014 08:44:15;1.376960;1.376960;1.376960;1.376960;1.377190;1.377190;1.377190;1.377190;
DAT;12.05.2014 08:44:15;1.376950;1.376950;1.376950;1.376950;1.377190;1.377190;1.377190;1.377190;
DAT;12.05.2014 08:44:15;1.376940;1.376940;1.376940;1.376940;1.377190;1.377190;1.377190;1.377190;
DAT;12.05.2014 08:44:16;1.376950;1.376950;1.376950;1.376950;1.377190;1.377190;1.377190;1.377190;
DAT;12.05.2014 08:44:16;1.376950;1.376950;1.376950;1.376950;1.377170;1.377170;1.377170;1.377170;
DAT;12.05.2014 08:44:16;1.376940;1.376940;1.376940;1.376940;1.377170;1.377170;1.377170;1.377170;
DAT;12.05.2014 08:44:16;1.376930;1.376930;1.376930;1.376930;1.377170;1.377170;1.377170;1.377170;
DAT;12.05.2014 08:44:16;1.376930;1.376930;1.376930;1.376930;1.377160;1.377160;1.377160;1.377160;
DAT;12.05.2014 08:44:16;1.376920;1.376920;1.376920;1.376920;1.377160;1.377160;1.377160;1.377160;
DAT;12.05.2014 08:44:16;1.376920;1.376920;1.376920;1.376920;1.377150;1.377150;1.377150;1.377150;
DAT;12.05.2014 08:44:17;1.376910;1.376910;1.376910;1.376910;1.377150;1.377150;1.377150;1.377150;
DAT;12.05.2014 08:44:17;1.376910;1.376910;1.376910;1.376910;1.377140;1.377140;1.377140;1.377140;
DAT;12.05.2014 08:44:17;1.376930;1.376930;1.376930;1.376930;1.377140;1.377140;1.377140;1.377140;
DAT;12.05.2014 08:44:17;1.376920;1.376920;1.376920;1.376920;1.377140;1.377140;1.377140;1.377140;
DAT;12.05.2014 08:44:17;1.376910;1.376910;1.376910;1.376910;1.377140;1.377140;1.377140;1.377140;
DAT;12.05.2014 08:44:17;1.376930;1.376930;1.376930;1.376930;1.377140;1.377140;1.377140;1.377140;
DAT;12.05.2014 08:44:17;1.376910;1.376910;1.376910;1.376910;1.377140;1.377140;1.377140;1.377140;
DAT;12.05.2014 08:44:17;1.376900;1.376900;1.376900;1.376900;1.377140;1.377140;1.377140;1.377140;
DAT;12.05.2014 08:44:17;1.376900;1.376900;1.376900;1.376900;1.377130;1.377130;1.377130;1.377130;
DAT;12.05.2014 08:44:18;1.376890;1.376890;1.376890;1.376890;1.377130;1.377130;1.377130;1.377130;
DAT;12.05.2014 08:44:18;1.376890;1.376890;1.376890;1.376890;1.377140;1.377140;1.377140;1.377140;
DAT;12.05.2014 08:44:18;1.376890;1.376890;1.376890;1.376890;1.377130;1.377130;1.377130;1.377130;
DAT;12.05.2014 08:44:19;1.376890;1.376890;1.376890;1.376890;1.377110;1.377110;1.377110;1.377110;
DAT;12.05.2014 08:44:21;1.376890;1.376890;1.376890;1.376890;1.377130;1.377130;1.377130;1.377130;
DAT;12.05.2014 08:44:22;1.376890;1.376890;1.376890;1.376890;1.377120;1.377120;1.377120;1.377120;
DAT;12.05.2014 08:44:23;1.376890;1.376890;1.376890;1.376890;1.377130;1.377130;1.377130;1.377130;
DAT;12.05.2014 08:44:24;1.376890;1.376890;1.376890;1.376890;1.377120;1.377120;1.377120;1.377120;
DAT;12.05.2014 08:44:26;1.376890;1.376890;1.376890;1.376890;1.377130;1.377130;1.377130;1.377130;
DAT;12.05.2014 08:44:26;1.376890;1.376890;1.376890;1.376890;1.377140;1.377140;1.377140;1.377140;
DAT;12.05.2014 08:44:26;1.376900;1.376900;1.376900;1.376900;1.377140;1.377140;1.377140;1.377140;
DAT;12.05.2014 08:44:28;1.376920;1.376920;1.376920;1.376920;1.377140;1.377140;1.377140;1.377140;
DAT;12.05.2014 08:44:28;1.376920;1.376920;1.376920;1.376920;1.377150;1.377150;1.377150;1.377150;
DAT;12.05.2014 08:44:29;1.376930;1.376930;1.376930;1.376930;1.377150;1.377150;1.377150;1.377150;
DAT;12.05.2014 08:44:29;1.376920;1.376920;1.376920;1.376920;1.377150;1.377150;1.377150;1.377150;
DAT;12.05.2014 08:44:29;1.376930;1.376930;1.376930;1.376930;1.377150;1.377150;1.377150;1.377150;
DAT;12.05.2014 08:44:29;1.376930;1.376930;1.376930;1.376930;1.377160;1.377160;1.377160;1.377160;
DAT;12.05.2014 08:44:31;1.376920;1.376920;1.376920;1.376920;1.377160;1.377160;1.377160;1.377160;
DAT;12.05.2014 08:44:31;1.376920;1.376920;1.376920;1.376920;1.377170;1.377170;1.377170;1.377170;
DAT;12.05.2014 08:44:32;1.376920;1.376920;1.376920;1.376920;1.377160;1.377160;1.377160;1.377160;
DAT;12.05.2014 08:44:37;1.376930;1.376930;1.376930;1.376930;1.377160;1.377160;1.377160;1.377160;
DAT;12.05.2014 08:44:41;1.376920;1.376920;1.376920;1.376920;1.377160;1.377160;1.377160;1.377160;
DAT;12.05.2014 08:44:46;1.376920;1.376920;1.376920;1.376920;1.377150;1.377150;1.377150;1.377150;
DAT;12.05.2014 08:44:48;1.376920;1.376920;1.376920;1.376920;1.377170;1.377170;1.377170;1.377170;
DAT;12.05.2014 08:44:52;1.376930;1.376930;1.376930;1.376930;1.377170;1.377170;1.377170;1.377170;
DAT;12.05.2014 08:44:57;1.376930;1.376930;1.376930;1.376930;1.377160;1.377160;1.377160;1.377160;
DAT;12.05.2014 08:44:58;1.376920;1.376920;1.376920;1.376920;1.377160;1.377160;1.377160;1.377160;
DAT;12.05.2014 08:45:00;1.376920;1.376920;1.376920;1.376920;1.377150;1.377150;1.377150;1.377150;
DAT;12.05.2014 08:45:01;1.376920;1.376920;1.376920;1.376920;1.377160;1.377160;1.377160;1.377160;
DAT;12.05.2014 08:45:06;1.376920;1.376920;1.376920;1.376920;1.377150;1.377150;1.377150;1.377150;
DAT;12.05.2014 08:45:07;1.376920;1.376920;1.376920;1.376920;1.377140;1.377140;1.377140;1.377140;
DAT;12.05.2014 08:45:09;1.376920;1.376920;1.376920;1.376920;1.377150;1.377150;1.377150;1.377150;
DAT;12.05.2014 08:45:10;1.376920;1.376920;1.376920;1.376920;1.377140;1.377140;1.377140;1.377140;
DAT;12.05.2014 08:45:10;1.376910;1.376910;1.376910;1.376910;1.377140;1.377140;1.377140;1.377140;
DAT;12.05.2014 08:45:17;1.376910;1.376910;1.376910;1.376910;1.377150;1.377150;1.377150;1.377150;
DAT;12.05.2014 08:45:21;1.376920;1.376920;1.376920;1.376920;1.377150;1.377150;1.377150;1.377150;
DAT;12.05.2014 08:45:21;1.376920;1.376920;1.376920;1.376920;1.377160;1.377160;1.377160;1.377160;
DAT;12.05.2014 08:45:25;1.376940;1.376940;1.376940;1.376940;1.377160;1.377160;1.377160;1.377160;
DAT;12.05.2014 08:45:25;1.376940;1.376940;1.376940;1.376940;1.377170;1.377170;1.377170;1.377170;
DAT;12.05.2014 08:45:25;1.376940;1.376940;1.376940;1.376940;1.377180;1.377180;1.377180;1.377180;
DAT;12.05.2014 08:45:25;1.376960;1.376960;1.376960;1.376960;1.377180;1.377180;1.377180;1.377180;
DAT;12.05.2014 08:45:25;1.376970;1.376970;1.376970;1.376970;1.377180;1.377180;1.377180;1.377180;
DAT;12.05.2014 08:45:25;1.376980;1.376980;1.376980;1.376980;1.377180;1.377180;1.377180;1.377180;
DAT;12.05.2014 08:45:25;1.376980;1.376980;1.376980;1.376980;1.377210;1.377210;1.377210;1.377210;
DAT;12.05.2014 08:45:25;1.377000;1.377000;1.377000;1.377000;1.377210;1.377210;1.377210;1.377210;
DAT;12.05.2014 08:45:25;1.377010;1.377010;1.377010;1.377010;1.377210;1.377210;1.377210;1.377210;
DAT;12.05.2014 08:45:25;1.377010;1.377010;1.377010;1.377010;1.377220;1.377220;1.377220;1.377220;
